2016 2603
978 166 1004 196 4

904 266 1020 299 Acta
1041 266 1077 298 Ι.

306 308 441 354 Sc⁰ena
463 323 505 354 Π.
549 323 586 354 ln
605 323 758 364 colloquio
772 323 917 355 Micionis
930 326 964 356 et
973 323 1116 356 Demeae
1135 323 1277 366 fratrum,
1293 325 1343 365 qui
1359 325 1430 357 sine
1442 325 1504 356 uilo
1524 324 1617 357 dubio
1631 325 1796 368 primarias

178 368 304 402 fabulae
327 375 436 412 partes
465 376 580 415 agunt,
615 373 668 403 ille
698 372 822 413 quidem
850 373 964 405 blande
993 377 1026 406 et
1062 374 1176 405 leniter
1205 384 1237 405 v.
1260 377 1290 405 4.

533 421 614 460 Quid
638 418 738 454 fecit?
761 440 802 443 —

531 472 594 504 Hic
616 482 695 504 vero
722 482 791 505 eum
814 473 978 513 excipiens
1001 476 1033 505 et
1055 473 1217 505 irascens:

532 520 614 559 Quid
637 522 690 553 ille
713 519 840 553 fecerit!
864 531 954 562 quem
978 523 1081 562 neque
1104 522 1200 563 pudet

532 569 722 612 Quidquam:
747 580 806 604 nec
829 572 936 604 metuit
958 571 1153 612 quemquam.

532 620 620 652 Idem
643 631 674 652 v.
697 624 719 652 9
741 625 800 654 etc.
824 621 936 653 eodem
959 631 1027 653 cum
1049 621 1143 652 animi
1165 624 1263 653 motu:
1306 614 1309 617 ¹

783 674 878 710 atque
901 680 1023 702 omnem
1045 670 1192 702 familiam

530 719 683 752 Mulcavit
706 730 806 762 usque
829 719 869 751 ad
893 718 1041 751 mortem:
1064 720 1179 761 eripuit
1200 719 1360 752 mulierem

530 769 629 808 Quam
651 770 794 811 amabat,
817 770 952 802 clamant
974 769 1084 802 omnes
1107 772 1168 802 etc.

420 827 460 858 V.
483 829 533 859 53.
558 837 647 869 sequ.
672 829 795 861 nemen
817 829 961 860 simulate
985 828 1181 869 concedens,
1205 828 1264 859 sed
1288 838 1355 860 cum
1379 830 1440 860 ira:

733 879 788 910 tibi
810 880 839 909 si
861 878 944 910 istuc
967 879 1071 919 placet

531 928 717 969 Profiindat,
741 928 864 969 perdat,
888 926 1014 969 pereat!
1038 928 1112 958 nihil
1135 928 1175 959 ad
1198 938 1247 960 me
1270 928 1390 960 attinet.

530 977 604 1009 Jam
627 979 655 1008 si
679 977 770 1009 unum
795 979 926 1009 verbum
950 976 1092 1018 posthac.

874 1117 1018 1149 Actus
1041 1117 1100 1149 11.

300 1174 413 1206 Scen.
438 1175 464 1205 1.
508 1175 692 1207 Aeschinus
715 1175 755 1205 ad
786 1175 1033 1215 Parmenonem,
1065 1175 1115 1215 qui
1139 1175 1293 1206 Sannioni
1316 1176 1419 1216 prius,
1448 1184 1539 1215 quam
1562 1176 1615 1207 ille
1636 1177 1792 1218 jusserat,

171 1224 334 1265 colaphum
357 1224 485 1266 inflixit,
509 1223 662 1256 illudens:

415 1284 447 1305 v.
470 1277 523 1306 20.
567 1275 640 1305 Non
663 1273 841 1306 innueram:
865 1284 974 1306 verum
997 1273 1028 1305 in
1051 1275 1143 1305 istam
1167 1277 1286 1314 partem
1310 1272 1413 1315 potius
1436 1273 1567 1315 peccato
1591 1278 1706 1307 tamen.

416 1323 526 1355 Paullo
549 1325 631 1356 infra
654 1334 686 1355 v.
707 1325 759 1355 33.
804 1323 924 1355 Sannio
948 1324 989 1355 de
1012 1334 1050 1356 se
1073 1325 1143 1365 ipso
1151 1346 1160 1366 7
1195 1323 1253 1354 sed
1282 1334 1324 1356 ex
1355 1324 1514 1356 sententia
1535 1324 1676 1366 aliorum,
1700 1325 1791 1365 quasi

575 1375 711 1406 ironice:
1411 1385 1413 1387 ¹

525 1423 614 1456 Leno
639 1434 725 1465 snm,
747 1424 867 1455 fateor:
891 1423 1051 1463 pernicies
1075 1422 1247 1454 communis
1269 1423 1518 1454 adolescentium

525 1473 695 1515 Perjdrus,
719 1474 831 1515 pestis.
854 1491 893 1496 —

297 1532 410 1564 Scen.
434 1532 476 1563 11.
501 1542 531 1563 v.
554 1534 606 1563 37.
651 1531 772 1563 Sannio
795 1541 934 1571 querens
958 1535 990 1563 ct
1013 1532 1145 1572 ejulans,
1169 1535 1202 1562 ut
1226 1532 1310 1562 risus
1334 1531 1506 1562 excitetur:

527 1582 705 1613 Praeterea
727 1580 869 1621 colaphis
892 1581 984 1613 tiiber
1007 1585 1057 1612 est
1080 1580 1177 1612 totum
1199 1585 1302 1622 caput.

298 1632 411 1665 Scen.
434 1633 493 1663 ΙΙΙ.
540 1631 704 1672 Ctesipho,
728 1634 857 1672 propter
880 1631 1034 1663 Aeschini
1057 1631 1165 1662 fratris
1188 1630 1372 1663 beneficium
1394 1630 1512 1673 gaudio
1542 1631 1655 1674 elatus,
1677 1634 1790 1674 grato-

167 1692 229 1723 que
252 1684 283 1713 in
307 1683 389 1713 illum
413 1682 532 1713 animo:

371 1743 402 1763 v.
426 1734 456 1762 5.
479 1733 508 1762 6.
536 1731 648 1771 Itaque
668 1730 758 1761 unam
771 1730 853 1761 hanc
870 1740 935 1762 rem
952 1740 1000 1761 me
1015 1730 1133 1762 habere
1149 1733 1278 1771 praeter
1293 1731 1374 1761 alios
1389 1731 1589 1771 praecipuam
1606 1729 1744 1762 arbitror

371 1782 515 1813 Fratrem
538 1779 654 1812 homini
678 1780 791 1811 nemini
816 1780 893 1812 esse
916 1781 1083 1821 primarum
1106 1779 1217 1811 artium
1241 1780 1344 1823 magis
1363 1779 1545 1821 principem.
1568 1798 1608 1802 —

292 1840 409 1872 Scen.
432 1839 488 1870 IV.
533 1839 717 1870 Aeschinus
740 1837 780 1869 ad
803 1838 932 1870 fratrem
956 1838 1071 1870 blande
1094 1839 1280 1880 corrigens:

411 1908 442 1929 v.
467 1900 495 1929 7.
543 1898 619 1940 Age
641 1897 763 1938 inepte:
787 1898 878 1938 quasi
901 1907 983 1929 nunc
1005 1895 1068 1928 non
1091 1897 1229 1928 norimus
1252 1894 1312 1927 ntis
1335 1896 1419 1928 inter
1440 1905 1511 1937 nos,
1535 1894 1700 1936 Ctesipho.

411 1968 440 1989 v.
467 1956 506 1988 10
529 1966 619 1997 sequ.
670 1955 772 1987 Simili
794 1956 932 1987 ratione:

520 2006 569 2038 Ct.
593 2005 746 2037 Pudebat.
770 2005 870 2037 Aesh.
901 2003 970 2036 Ah!
1003 2004 1176 2037 stultitia'st
1198 2007 1300 2037 istaec
1323 2003 1385 2036 ndu
1408 2004 1524 2048 pudor3
1559 2008 1622 2036 tam
1645 2005 1685 2036 ob
1708 2004 1786 2047 ptir-

723 2055 825 2086 volam

517 2107 596 2138 Rem
621 2105 702 2146 pene
726 2115 767 2136 ex
790 2103 908 2146 patria!
932 2122 971 2127 —
1003 2104 1110 2146 Turpe
1134 2102 1233 2136 dictu!
1257 2103 1346 2137 Deos
1376 2114 1495 2145 quaeso
1523 2107 1556 2135 ut
1584 2105 1686 2136 istaec
1709 2103 1785 2146 prd-

722 2156 860 2187 hibeant.

518 2206 568 2238 Ct.
591 2203 748 2237 Peccavi!
774 2222 812 2226 —-

407 2267 438 2288 v.
464 2259 511 2289 19.
556 2255 710 2297 Ctesipho
733 2259 877 2288 metuens
905 2258 938 2301 et
960 2255 1090 2286 anxius:

517 2307 632 2346 Aliqua
655 2305 695 2336 ad
720 2309 840 2345 patrem
865 2305 923 2336 hoc
946 2304 1110 2346 permanet
1137 2308 1232 2346 atque
1255 2315 1317 2347 ego
1341 2305 1404 2336 tiim
1426 2309 1578 2347 perpetuo
1603 2305 1761 2346 perierim.
