2016 2603
932 100 974 132 11

842 201 989 235 Aoum
1008 201 1058 235 V.

186 265 188 267 ’
209 267 213 271 “
279 268 393 301 Scen.
415 269 441 299 1.
486 267 592 309 Syrus
615 271 723 310 potus,
751 267 873 299 Demea
895 268 926 298 in
949 276 1018 298 eum
1040 267 1214 299 invehens:
1238 267 1277 297 V.
1300 270 1320 297 4
1343 276 1432 307 sequ.

504 315 582 358 Syr.
603 314 765 359 Aedepdl,
789 316 941 358 Syrisce,
964 316 997 347 te
1019 317 1137 348 curasti
1160 314 1302 357 molliter,

502 367 667 406 Lauteque
689 375 799 397 munus
822 363 1052 397 administrasti
1072 368 1166 396 tuum.

498 412 576 446 Abi!
623 414 683 446 sed
706 417 870 457 postquam
892 414 976 446 intus
1000 423 1068 446 sum
1091 413 1224 446 omnium
1248 413 1352 446 rerum
1375 416 1475 456 satur,

498 464 769 497 Prodeambulare
790 465 851 496 huc
872 463 991 496 libitum
1013 466 1064 496 ’st.
1089 481 1128 486 —-

273 521 314 553 v·
337 523 357 554 8
379 531 469 563 sequ.
499 571 539 603 D.
561 568 664 603 Tun’2
709 570 739 603 si
760 580 849 603 meus
872 568 982 603 esses!
1027 569 1104 612 Syr.
1126 568 1187 602 Dis
1211 570 1333 611 quidem
1357 579 1463 612 esses,
1487 569 1623 604 Demea!
1647 589 1686 594 —

500 621 548 652 Ac
570 620 654 652 tuam
676 630 742 652 rem
765 619 1018 652 constabilisses.
1061 620 1102 651 D.
1125 619 1312 660 Exemplum
1335 616 1477 652 omnibus

499 668 652 701 Curarem
674 673 707 701 ut
729 668 840 702 esses!
862 687 903 692 —

217 762 220 765 Δ
273 727 388 760 Scen.
410 728 452 759 11.
497 727 602 769 Syrus
625 729 783 770 crapulam
806 725 1027 768 edormiturus,
1050 737 1082 757 v.
1107 729 1162 757 11:

497 778 610 818 Aliquo
634 777 755 820 abeam,
778 780 873 818 atque
892 775 1104 808 ‘edormiscam
1126 776 1186 808 hoc
1208 777 1283 808 villi.
1308 775 1355 808 sic
1377 785 1482 819 agam.

270 834 447 867 observari
469 845 591 875 quoque
613 835 673 866 hoc
693 836 764 867 loco
786 837 893 875 potest
914 837 1047 874 quatuor
1075 835 1198 865 ultimos
1221 836 1334 865 8—11
1367 836 1508 867 alternos
1537 836 1569 866 in
1597 837 1759 876 aequalem

144 893 254 916 sonum
277 885 383 916 exire:
697 883 905 925 commodum,
928 892 1010 914 nunc
1031 892 1126 925 agam

696 933 855 976 angulum,
877 934 925 964 sic
947 942 1052 975 agam.

269 991 385 1023 Scen.
408 992 466 1022 111.
509 992 647 1033 Demea,
679 991 806 1023 Micioni
823 993 889 1030 jam
911 990 1048 1032 cedens,
1078 991 1138 1022 sed
1168 992 1367 1033 aegritudine
1404 1001 1546 1033 morsus,
1587 993 1659 1033 quid
1689 1004 1757 1027 cum

143 1041 275 1082 psaltria
297 1041 360 1072 ista
381 1041 522 1073 facturus
544 1041 602 1081 sit,
625 1041 747 1082 profert
768 1050 799 1071 v.
821 1042 877 1071 60:

493 1097 542 1129 Illi
563 1098 694 1130 favillae
717 1099 826 1140 plena,
849 1098 923 1128 fumi
945 1106 984 1129 ac
1007 1096 1141 1139 pollinis,

494 1147 667 1187 Coquendo
690 1148 733 1179 sit
753 1147 829 1178 faxo
852 1147 884 1178 et
907 1147 1066 1178 molendo:
1090 1147 1218 1187 praeter
1239 1146 1319 1178 haec

490 1195 626 1229 Meridie
648 1198 719 1238 ipso
741 1196 869 1239 faciam,
893 1200 926 1227 ut
949 1197 1093 1237 stipulam
1118 1193 1256 1238 colligat.

490 1247 568 1278 Tam
590 1245 753 1278 excoctam
774 1246 921 1287 reddam,
950 1250 1044 1287 atque
1068 1246 1167 1277 atram
1196 1255 1286 1286 quam
1310 1246 1405 1277 car-bd
1429 1249 1470 1277 'st
1491 1250 1551 1278 etc.

265 1304 375 1337 Scen.
398 1305 469 1336 vll.
514 1305 635 1337 Demea
657 1308 773 1336 mutato
796 1305 908 1337 callide
931 1305 1062 1335 consilio
1086 1313 1144 1335 suo
1168 1303 1208 1335 ad
1232 1304 1434 1346 Aeschinum,
1460 1315 1490 1334 v.
1514 1307 1551 1335 8:

893 1356 995 1385 Missa
1017 1354 1098 1385 haec
1119 1354 1200 1394 face,

491 1403 722 1446 Hymenaeum,
745 1405 870 1446 turbas,
893 1403 1068 1445 lampadas,
1091 1402 1248 1434 tibicinas.

137 1452 296 1486 Attendas
318 1453 359 1484 ad
380 1453 599 1495 gradationem
621 1454 653 1484 in
676 1454 866 1494 syllabarum
889 1463 1028 1485 numero.

263 1511 351 1542 ldem
373 1510 483 1542 eodem
506 1511 575 1542 loco
598 1507 711 1543 eauidti
733 1520 800 1542 cum
827 1512 885 1542 obs
869 1511 979 1551 sequio
1002 1510 1042 1541 ad
1065 1510 1259 1541 Aeschinum
1281 1520 1313 1540 v.
1335 1512 1390 1540 22:

893 1560 990 1591 Multo
1014 1559 1114 1590 rectiu
1135 1561 1185 1599 'st,

491 1608 589 1647 Quam
612 1597 695 1640 illam
718 1609 904 1650 puerperam
927 1618 1009 1640 nunc
1037 1609 1107 1639 duci
1130 1608 1190 1639 huc
1213 1619 1270 1649 per
1293 1610 1386 1639 viam.

490 1657 676 1701 Aegrotam.

263 1715 376 1747 Scen.
399 1714 497 1746 VIII.
532 1717 641 1757 Micio,
673 1717 820 1758 precibus
852 1716 1006 1748 Aeschini
1035 1719 1067 1747 et
1097 1715 1237 1747 Demeae
1266 1715 1430 1757 devictus,
1455 1718 1599 1756 quamvis
1623 1720 1750 1760 comice,

137 1767 354 1797 subin-ascens.
377 1766 416 1796 V.
438 1768 495 1797 21·

490 1815 561 1846 Etsi
583 1813 644 1847 hoc
665 1815 738 1846 mihi
761 1824 903 1857 pravum,
926 1815 1073 1856 ineptum,
1096 1814 1276 1855 absurdum,
1300 1817 1394 1855 atque
1410 1814 1544 1847 alienum
1561 1825 1581 1847 a
1598 1817 1664 1848 vita
1683 1828 1751 1850 mea

489 1864 640 1896 Videtur.
664 1865 692 1895 si
714 1874 775 1895 vos
798 1864 964 1905 tantopere
986 1865 1068 1895 istuc
1090 1863 1197 1905 voltis,
1221 1861 1276 1895 flat
1297 1868 1357 1896 etc.

262 1921 430 1953 Eliduntur
453 1922 576 1962 quidem
599 1923 730 1953 omnium
753 1922 980 1961 adJectivorum
1003 1923 1242 1954 terminationes
1265 1926 1490 1963 consonantes,
1514 1924 1574 1955 sed
1593 1925 1668 1955 illud
1682 1926 1750 1958 fieri

137 1979 245 2012 posse,
268 1980 372 2020 neque
394 1971 559 2012 quidquam
582 1971 655 2003 inde
678 1971 801 2014 figurae
824 1972 948 2003 effectui
972 1971 1106 2012 detrahi.
1130 1981 1228 2012 supra
1249 1971 1395 2003 vidimus.

261 2027 383 2059 Demea
405 2028 447 2059 ad
468 2029 645 2071 Micionem,
668 2030 768 2060 amice
790 2033 822 2061 et
844 2029 971 2070 blande,
992 2032 1026 2060 ut
1049 2038 1118 2060 eum
1140 2029 1181 2059 ad
1206 2038 1319 2060 novam
1341 2030 1374 2060 in
1401 2030 1581 2071 Hegionem
1604 2041 1750 2073 compro·

135 2075 269 2108 bandum
290 2076 511 2110 liberalitatem
533 2081 717 2119 permoveat
739 2088 771 2110 v.
794 2079 850 2110 27:

648 2139 651 2142 ’
892 2128 929 2160 Si
951 2128 1076 2160 multum
1098 2133 1164 2170 est,
1187 2132 1291 2160 tamen

488 2150 679 2209 Faciendum
702 2180 770 2209 est:
799 2174 855 2217 pro
884 2182 975 2218 patre
1004 2177 1075 2208 huic
1103 2182 1170 2208 est:
1198 2179 1299 2208 bonus
1322 2182 1389 2210 est:
1419 2177 1529 2210 noster
1558 2185 1623 2211 est:
1661 2185 1747 2215 recte

656 2226 757 2258 datar.

1345 2279 1381 2307 2.
