2016 2603
178 566 243 617 P.
266 581 409 613 Terentii
431 580 502 612 Afri
525 580 695 612 comoediis
719 581 800 612 inter
821 581 995 612 litterarum
1018 580 1258 611 dramaticarum
1281 579 1363 620 apud
1380 580 1541 611 Romanos
1558 579 1709 620 reliquias
1722 581 1796 619 jure

179 632 300 671 primus
322 631 410 662 locus
432 631 631 673 adsignatur.
680 631 764 662 Fere
786 639 896 661 omnes
917 630 1050 661 omnium
1071 632 1208 661 aetatum
1236 629 1298 660 viri
1320 629 1421 670 docti,
1456 630 1540 670 iique
1562 629 1672 660 summi
1696 630 1797 660 nomi-

179 681 247 722 nis,
271 689 472 722 summaeque
493 681 689 712 auctoritatis
712 679 862 722 philologi
885 679 924 710 iis
946 682 1000 710 aut
1021 678 1269 720 interpretandis
1297 682 1352 710 aut
1379 678 1514 710 edendis
1543 687 1671 719 operam
1694 678 1796 710 dede-

179 734 267 774 runt,
302 734 336 762 ut
356 730 509 763 hodierno
537 733 678 772 tempore
706 731 790 762 illius
824 729 990 771 scriptoris
1024 738 1089 761 non
1115 730 1181 770 jam
1212 728 1293 761 adeo
1321 728 1416 761 multa
1447 727 1594 772 indigere
1627 727 1797 760 videantur

178 785 233 812 aut
253 790 338 813 nova
359 784 414 812 aut
435 781 632 812 accuratiore
655 780 876 822 explicatione.

305 830 459 872 Equidem
482 831 609 862 ineunte
630 831 699 872 illo,
722 831 773 871 qui
795 838 878 861 nunc
900 829 993 871 exiit,
1026 837 1108 859 anno
1132 828 1322 859 scholastico
1352 838 1463 860 munus
1486 838 1692 870 susceperam
1715 838 1795 871 gra-

179 881 349 922 tissimum,
372 880 536 921 discipulis
558 880 649 921 primi
670 880 791 911 ordinis
815 879 957 911 Terentii
980 878 1144 919 Adelphos
1172 878 1365 919 explicandi,
1400 889 1459 919 quo
1488 879 1560 910 dum
1581 883 1711 920 praeter
1732 880 1794 911 alia

178 939 279 971 eaque
301 929 385 961 haud
407 939 509 971 pauca
531 929 661 961 scholae
683 930 813 971 negotia
835 937 876 960 ea
897 938 957 969 qua
980 937 1038 969 par
1059 932 1111 959 est
1133 927 1304 959 sedulitate
1327 931 1509 969 occupatum
1531 938 1581 960 me
1598 929 1712 969 sentio,
1736 938 1796 960 no-

178 988 250 1011 vam
272 979 345 1010 mihi
368 978 603 1020 suscipiendam
625 978 720 1011 video
743 979 945 1020 provinciam,
968 982 1002 1009 ut
1023 978 1248 1020 programmati
1270 978 1310 1009 ad
1334 978 1488 1019 publicum
1503 978 1668 1019 Gymnasii
1692 980 1795 1010 nostri

177 1038 312 1062 examen
339 1029 485 1061 invitanti
512 1028 609 1060 latino
642 1027 777 1069 quodam
805 1028 1058 1060 commentariolo
1085 1027 1278 1070 praeludam.
1330 1027 1419 1066 Quae
1447 1037 1502 1060 res
1529 1028 1602 1059 mihi
1631 1038 1724 1069 quum
1753 1038 1795 1060 ex

176 1079 337 1120 inopinato
359 1082 423 1110 tum
445 1078 515 1110 fere
537 1087 612 1110 sero
634 1079 781 1119 innotuit,
821 1087 974 1119 quumque
997 1079 1058 1109 alia
1080 1078 1276 1119 impeditiora
1298 1082 1331 1109 et
1357 1079 1451 1109 latius
1473 1077 1663 1119 explicanda
1685 1079 1795 1110 absol-

177 1137 256 1160 vere
283 1137 342 1169 per
370 1128 522 1169 temporis
554 1129 722 1170 angustias
739 1129 805 1168 jam
828 1137 891 1159 non
912 1128 1038 1170 liceret,
1063 1128 1132 1160 fere
1155 1128 1274 1159 invitus
1297 1128 1459 1159 consilium
1482 1129 1568 1169 cepi,
1592 1131 1625 1159 ut
1646 1128 1688 1159 ad
1711 1129 1793 1159 illam

175 1178 312 1209 fabulam
346 1187 513 1209 excursum
547 1178 799 1220 conscriberem,
833 1179 884 1218 qui
918 1178 1021 1220 magis
1054 1177 1219 1218 discipulis
1255 1178 1345 1218 quasi
1373 1178 1536 1220 epilogus,
1570 1187 1662 1219 quam
1690 1178 1792 1210 doctis

178 1228 348 1259 lectoribus
371 1230 519 1268 tanquam
541 1236 657 1258 novum
680 1225 808 1267 εὕρημα
831 1231 1072 1269 proponeretur.

302 1277 368 1309 Per
389 1278 469 1308 satis
491 1277 618 1319 longum
641 1286 719 1308 vero
741 1279 865 1318 tempus
892 1280 1012 1309 attenta
1041 1286 1119 1309 aure
1147 1280 1180 1309 et
1209 1278 1299 1317 quasi
1326 1279 1455 1309 summis
1481 1277 1590 1320 digitis
1620 1279 1792 1320 explorans

177 1327 402 1369 classicorum,
425 1336 506 1367 quae
529 1326 690 1368 dicuntur,
714 1330 746 1358 et
769 1326 961 1359 Graecorum
985 1330 1018 1359 et
1038 1328 1222 1358 Latinorum
1244 1331 1420 1368 poematum
1442 1328 1572 1359 formam
1589 1329 1792 1371 exteriorem,

175 1380 208 1409 et
229 1377 335 1418 optimi
356 1378 508 1417 cujusque
530 1379 644 1418 poetae
666 1376 740 1408 inde
761 1376 883 1408 fructus
906 1386 1005 1408 sensu
1027 1380 1060 1409 et
1075 1377 1178 1408 animo
1190 1378 1381 1419 percipiens,
1404 1377 1555 1410 haberem
1574 1378 1792 1422 qmidemquae

176 1427 350 1458 summatim
372 1427 404 1457 in
426 1436 464 1458 eo
486 1436 609 1469 genere
632 1425 824 1468 proferrem,
854 1436 935 1466 quac
958 1435 1037 1458 vero
1059 1426 1100 1457 ad
1127 1427 1264 1458 libellum
1285 1427 1347 1458 alio
1371 1428 1502 1459 consilio
1526 1428 1792 1461 conscribendum

174 1486 332 1518 reponere
355 1477 464 1519 malui,
487 1480 520 1508 ut
542 1486 581 1509 ea
603 1478 721 1507 tantum
743 1475 802 1507 hoc
823 1476 892 1508 loco
914 1485 1106 1519 promerem,
1140 1486 1220 1518 quae
1248 1477 1339 1517 quasi
1367 1478 1621 1519 praeparationis
1644 1477 1685 1509 ad
1708 1479 1792 1511 illum

174 1526 267 1558 finem
289 1536 366 1567 pars
389 1529 421 1558 et
444 1526 706 1558 collectaneorum
729 1526 890 1566 specimen
912 1536 989 1558 esse
1012 1526 1190 1558 videantur.

492 1736 543 1781 De
577 1747 667 1782 sono
700 1748 867 1781 versuum
903 1736 1195 1781 Terentianorum
1229 1737 1265 1780 in
1289 1737 1468 1792 Adelphis,

738 1818 794 1848 Ad
824 1818 990 1849 fabulam
1024 1808 1232 1850 excursus.

174 1892 349 1956 Quantum
372 1910 550 1942 venustatis
573 1912 668 1950 atque
689 1909 815 1951 gratiae
835 1911 989 1951 poematis
1017 1910 1195 1942 recentiore
1225 1909 1358 1950 quadam
1382 1910 1490 1953 lingua
1516 1912 1699 1952 compositis
1717 1912 1790 1945 inde

173 1959 306 2000 existat,
337 1963 370 1990 ut
396 1969 514 1991 versus
537 1964 625 1991 certa
652 1960 727 2002 lege
756 1960 955 1991 alternantes
983 1961 1015 1991 in
1044 1961 1129 1992 exitu
1152 1963 1206 1991 aut
1233 1961 1324 1992 unius
1352 1963 1407 1991 aut
1438 1961 1568 2000 plurium
1596 1962 1789 2002 syllabarum

173 2007 305 2040 similem
327 2018 438 2041 sonum
461 2009 606 2052 prodant,
630 2008 683 2053 [id
706 2009 789 2050 quod
812 2010 844 2041 in
866 2010 1040 2042 levioribus
1063 2013 1211 2052 poeseos,
1235 2010 1354 2051 lyricae
1375 2010 1581 2051 potissimum,
1604 2014 1637 2042 et
1657 2013 1790 2054 gracili-

174 2059 283 2089 oribus
304 2060 480 2100 generibus
504 2061 595 2100 quasi
618 2060 780 2100 praecepti
802 2061 978 2092 constantis
1000 2062 1219 2093 auctoritatem
1241 2058 1405 2101 obtinuit,)
1429 2060 1504 2091 illud
1526 2070 1636 2093 omnes
1652 2071 1789 2095 commu·

173 2107 256 2139 niter
278 2109 515 2140 consentientes
539 2110 697 2152 cognitum
719 2109 851 2150 habent,
875 2111 927 2150 qui
948 2110 1094 2151 purgatis
1117 2110 1246 2141 auribus
1270 2109 1310 2141 de
1332 2110 1394 2140 illis
1418 2110 1514 2141 rebus
1533 2110 1682 2149 judicium
1701 2112 1787 2145 ferre

171 2161 315 2198 possunt.
358 2157 439 2189 Illud
463 2157 745 2201 homoeoteleuton,
768 2159 851 2200 quod
874 2163 999 2202 vocant,
1023 2159 1176 2200 siquidem
1198 2163 1302 2201 aptum
1321 2162 1373 2191 est
1392 2162 1424 2192 et
1441 2169 1551 2200 purum
1564 2169 1666 2202 neque
1679 2161 1789 2194 durum

171 2211 224 2256 aut
254 2211 443 2250 contortum,
475 2209 634 2249 proprium
663 2209 820 2250 quoddam
849 2213 881 2241 et
909 2211 1073 2253 singulare
1101 2210 1289 2242 recentioris
1319 2214 1456 2251 poeseos
1485 2214 1537 2242 est
1564 2216 1788 2254 ornamentum,

171 2258 342 2299 miramque
365 2267 495 2290 movere
525 2261 632 2299 potest
653 2262 686 2290 et
713 2259 886 2301 legentium
914 2263 947 2292 et
974 2260 1163 2292 audientium
1191 2260 1447 2302 delectationem,
1476 2260 1560 2292 uude
1583 2260 1697 2292 factum
1726 2267 1788 2304 est,

1408 2313 1422 2342 ί
