2016 2603
958 100 1009 132 13

306 200 499 242 Quamquam
519 209 627 233 eorum
648 191 773 241 quidem
793 210 945 233 versuum
965 209 1028 232 non
1050 200 1151 232 solum
1172 200 1236 231 sita
1257 203 1310 232 est
1331 203 1487 232 venustas
1515 201 1548 232 in
1577 201 1649 232 soni
1670 200 1795 243 figuris,

180 260 261 291 quas
283 250 528 292 descripsimus,
553 250 613 286 sed
634 250 729 282 etiam
749 250 782 281 in
803 251 887 281 omni
908 250 1019 282 ordine
1042 253 1075 282 et
1096 251 1345 291 constructione,
1375 259 1457 291 quae
1478 251 1550 282 veri
1572 251 1704 281 artificis
1727 260 1796 281 ma-

179 309 251 332 num
273 300 387 340 prodit.
430 299 601 340 Respicias
624 308 748 339 quoque
768 299 979 339 aptissimam,
1008 307 1089 339 quae
1111 299 1150 329 iis
1173 299 1274 340 inest,
1303 299 1486 331 antithesin.
1510 317 1551 322 —

304 358 396 396 Haec
412 364 541 405 'quidem
562 367 637 405 apta
658 368 691 396 et
712 364 810 406 digua
828 364 913 406 duxi,
935 373 1018 405 quae
1037 368 1289 405 proponerentur
1301 374 1343 396 ex
1355 365 1409 395 illa
1430 365 1537 396 fabula
1559 367 1629 404 eJ'us
1647 365 1795 406 generis,

179 415 220 446 de
242 424 302 455 qno
325 414 511 456 disseritur,
533 415 693 457 exempla,
716 414 828 455 quibus
850 415 1046 456 comprobari
1068 414 1172 453 volui,
1200 415 1327 445 multam
1354 418 1386 445 et
1413 414 1556 455 profecto
1579 414 1794 446 admirabilem

177 467 277 496 artem
299 467 431 496 veteres
453 466 580 505 poetas,
602 463 773 505 praecipue
793 464 1066 512 comicosuetiam,
1082 464 1115 495 in
1136 463 1343 505 perpolienda
1360 464 1467 495 forma>
1484 464 1645 496 exteriore
1664 466 1795 504 poema-

155 509 158 513 ’
177 516 241 544 tum
262 522 390 545 suorum
411 513 578 555 posuisse3
601 531 642 534 —
664 513 746 554 quod
768 514 898 545 enimin
916 523 978 545 una
993 514 1085 545 unius
1107 516 1220 554 poetae
1237 513 1344 544 fabula
1366 514 1581 554 exemplorum
1598 513 1793 545 multitudine

177 572 249 595 mea
279 562 404 603 quidem
431 563 589 595 sententia
621 563 789 595 sufficienti
824 563 1049 604 comprobasse
1083 563 1157 593 mihi
1188 562 1316 602 videor,
1353 562 1429 594 illud
1459 564 1553 594 etiam
1581 563 1623 594 ad
1654 563 1794 602 reliquas

177 612 331 654 ejusdem,
355 615 392 644 et
408 612 449 643 ad
471 612 533 644 alia
555 613 685 644 aliorum
707 613 845 645 carmina
865 613 1027 654 pertinere
1049 616 1082 644 et
1103 612 1197 643 facile
1218 612 1250 642 in
1272 612 1335 643 illis
1357 613 1494 644 inveniri
1522 622 1637 654 posse,
1661 613 1796 652 quisque

180 662 324 703 quamvis
347 655 451 694 obite‘r‘
470 665 589 694 tantum
612 671 651 694 eo
673 662 804 694 consilio
826 661 868 693 ad
889 645 965 693 talia
986 663 1112 694 intuens
1134 662 1270 693 libenter
1297 661 1371 692 mihi
1394 662 1566 703 concedet,
1596 670 1741 702 quaeque
1764 662 1795 693 in

182 720 220 743 eo
232 720 355 754 genere
372 711 585 744 contenderim
599 715 693 752 atque
709 711 943 753 affirmaverim,
966 720 1046 743 vera
1064 721 1141 743 esse
1156 711 1313 742 fatebitur.
1357 711 1527 752 Excipiant
1541 712 1638 753 igitur
1657 711 1797 752 benigno

179 764 212 792 et
234 761 390 792 benevolo
412 761 514 791 animo
541 761 696 802 lectores,
732 769 936 801 quaecunque
966 760 1145 802 significata
1172 761 1275 802 magis
1306 769 1398 800 quam
1424 761 1604 792 accuratius
1633 765 1665 792 et
1693 761 1796 791 fusius

178 810 341 840 elaborata
365 809 454 840 hisce
476 810 612 851 pagellis
635 811 838 850 exposuimus
861 812 956 847 atque
979 809 1154 839 obtulimus.
