2016 2603
945 108 967 138 '1

831 209 974 245 Aet-S
995 209 1079 245 m-

275 277 388 309 seen.
409 278 453 308 11.
496 277 598 318 Geta,
620 276 800 308 Sostratam
824 277 1042 316 conspiciens,
1072 276 1174 306 laetus
1205 275 1328 315 quidem
1358 274 1417 306 sed
1440 275 1532 306 etiam
1558 273 1764 305 vehementer

149 327 318 359 sollicitusz
341 336 372 357 v.
396 328 448 358 ²4.

501 377 549 408 Te
572 377 703 417 expeto:
729 376 844 417 oppido
866 375 1041 417 opportune
1061 380 1093 406 te
1116 373 1255 406 obtulisti
1279 384 1318 405 nii
1341 373 1474 406 obviam.
1496 379 1500 383 ’

274 427 362 459 Idem
385 427 547 458 consilinm
575 436 664 457 snum
693 435 872 467 exponens,
901 426 1019 466 omnia,
1053 434 1134 465 qnae
1161 434 1229 455 cum
1258 424 1420 456 Aeschino
1450 430 1482 456 et
1512 424 1673 464 Pamphila
1704 433 1762 454 ac-

148 477 283 509 ciderint
304 486 382 509 esse
404 475 538 508 celanda
559 479 592 508 et
613 475 768 518 tegenda,
800 475 873 508 inde
892 485 913 506 a
935 484 1033 507 versu
1055 476 1106 506 39.
1151 474 1245 506 matta
1273 475 1367 506 utitur
1395 474 1582 505 assonantia
1612 474 1641 504 in
1667 482 1762 513 repe-

148 526 253 558 tendis
277 527 433 558 vocalibns
456 534 485 558 a
506 530 539 558 et
567 534 613 567 o,
641 526 742 557 donee
765 526 920 557 concludit
941 526 1041 556 locum
1064 525 1113 556 his
1137 525 1256 565 verbis,
1280 535 1311 556 v.
1335 528 1385 555 44.

501 575 701 617 Quapropter
722 585 845 617 quoquo
869 575 961 617 pacto
984 576 1078 606 tacito
1106 578 1146 606 'st
1168 585 1256 616 opus.

273 627 383 659 Paullo
406 630 479 668 post
508 626 650 659 similiter
676 625 827 657 Sostrata
856 635 945 657 snum
973 625 1076 657 omnia
1104 625 1278 667 detegendi
1307 624 1470 655 consilium
1496 625 1546 654 his
1572 625 1680 656 verbis
1704 625 1763 655 ab-

145 677 244 708 solvit
267 687 296 707 v.
319 678 370 708 53.

853 726 901 756 'l‘u
924 725 1071 765 quantum
1093 729 1196 766 potes,

501 777 573 816 Abi,
596 780 690 816 atque
713 776 853 818 Hegioni
876 774 1014 817 cognato
1038 775 1129 816 hujus
1153 786 1218 807 rem
1241 776 1389 808 enarrato
1412 779 1535 807 omnem
1559 774 1685 807 ordine:

499 827 579 856 Nam
602 826 630 856 is
651 824 763 856 nostro
786 824 905 856 Simulo
929 825 985 856 fuit
1006 835 1156 866 summus.
1179 826 1211 856 et
1234 835 1293 857 nos
1316 826 1410 857 coluit
1432 824 1575 856 maxime.

272 876 383 908 Secu.
407 876 464 910 ΠΙ.
490 886 520 907 ν.
543 878 594 907 55.
645 876 765 907 Demea
796 875 951 907 simulatis
980 885 999 907 a
1027 875 1113 916 Syro
1147 875 1351 916 Ctesiphonis
1380 874 1524 908 laudibus
1556 874 1760 907 vehementer

146 926 306 968 gaudens:

852 974 918 1015 Oh,
940 976 1078 1007 lacrumo
1099 973 1233 1017 gaudio!
1258 994 1268 996 >

146 1034 237 1065 quam
261 1026 383 1057 vocalis
406 1033 435 1061 o
457 1026 655 1059 iterationem
680 1025 923 1065 frequentiorem
947 1035 1006 1066 per
1032 1026 1149 1066 aliquot
1179 1035 1296 1057 versus
1322 1026 1455 1067 retinet,
1485 1026 1589 1057 laetae
1618 1027 1760 1066 loquaci-

144 1076 202 1106 tati
222 1074 408 1117 indulgens,
431 1078 465 1107 et
486 1084 505 1106 a
529 1074 614 1115 Syro
638 1074 792 1106 interdum
812 1074 871 1106 sed
894 1075 965 1106 aliis
994 1076 1141 1117 vocibus,
1181 1084 1249 1107 eam
1275 1076 1415 1107 vocalem
1437 1085 1500 1107 non
1523 1073 1760 1116 resonantibus,

145 1125 379 1166 interpellatus,
403 1125 505 1157 donec
527 1125 579 1156 ille
603 1135 632 1156 v.
654 1127 696 1155 65
719 1125 866 1156 imitando
889 1125 938 1156 his
962 1126 1144 1166 responsis:

498 1173 703 1215 probissime!
722 1193 763 1196 —
785 1176 857 1206 Non
881 1175 988 1207 hercle
1011 1176 1105 1207 otium
1128 1175 1170 1207 ’st

146 1226 328 1266 colloquium
350 1226 394 1256 ita
421 1225 560 1266 invertit,
584 1229 616 1256 ut
629 1226 721 1256 etiam
744 1226 775 1256 in
795 1226 1002 1267 sequentibus
1023 1226 1229 1257 assonantiae
1256 1227 1382 1258 imitatio
1403 1227 1599 1258 continuetur
1618 1227 1658 1257 ab
1679 1227 1758 1266 ipso.

829 1392 971 1424 Actus
992 1392 1065 1428 lv.

272 1457 383 1488 Scen.
408 1458 431 1487 Ι.
477 1458 512 1487 1η
537 1460 609 1488 voto
627 1456 836 1498 ‚Ctesiphonis
860 1457 982 1490 scilicet
1004 1459 1085 1488 satis
1108 1458 1158 1498 pio
1183 1468 1211 1488 v.
1235 1461 1263 1487 4.

499 1507 539 1537 Ut
561 1506 663 1538 triduo
686 1507 745 1538 hoc
767 1507 918 1547 perpetuo
942 1517 1086 1548 prorsum
1109 1517 1127 1539 e
1151 1507 1232 1539 lecto
1254 1510 1393 1548 'nequeat
1415 1508 1564 1550 surgere,

144 1557 264 1597 poteris
285 1558 502 1587 assonantiam
524 1565 593 1587 eum
616 1556 838 1590 allitteratione
861 1558 1057 1596 conjunctam
1079 1565 1260 1599 agnoscere

271 1605 383 1637 Scen.
407 1606 446 1636 V.
490 1606 583 1637 Micio
605 1606 647 1638 ad
670 1606 864 1640 Aeschinum
887 1606 950 1638 leni
973 1609 1006 1638 et
1028 1607 1167 1649 benigna
1189 1616 1257 1638 cum
1281 1607 1531 1648 reprehensione
1557 1618 1586 1639 v.
1610 1611 1652 1644 59
1669 1618 1759 1650 sequ.

497 1652 605 1694 Quid?
627 1656 795 1698 credebas,
819 1654 985 1687 dormienti
1008 1657 1089 1688 haec
1110 1655 1167 1688 tibi
1190 1656 1392 1689 confecturos
1415 1654 1520 1690 deos?

496 1704 546 1737 'Et
569 1707 651 1738 illam
674 1708 744 1746 sine
766 1710 820 1738 tua
842 1704 940 1747 opera
963 1707 993 1737 in
1017 1707 1189 1738 cubiculum
1212 1706 1250 1738 iri
1278 1707 1444 1740 deductum
1467 1706 1614 1740 domum?

496 1754 598 1788 Nolim
620 1756 797 1788 ceterorum
820 1766 924 1788 rerum
946 1757 979 1788 te'
1002 1757 1168 1789 socordem
1191 1757 1304 1789 eodem
1325 1758 1427 1790 modo.

496 1804 584 1836 Bono
608 1807 709 1837 animo
733 1816 787 1838 es:
812 1807 911 1838 duces
935 1816 1064 1839 uxorem
1087 1807 1183 1839 hanc:
1199 1807 1279 1839 bono
1293 1809 1395 1839 animo
1407 1818 1454 1850 es,
1478 1809 1613 1850 inquam.
1638 1810 1757 1842 Aesch.

747 1856 853 1898 Pater,

494 1902 658 1944 ebsecro,
682 1916 753 1937 num
775 1905 858 1937 hidis
882 1910 912 1937 tu
937 1916 1019 1938 nunc
1038 1903 1112 1939 me?
1158 1908 1200 1938 M.
1223 1904 1305 1950 'Ego
1321 1906 1369 1940 te!
1390 1906 1614 1949 quamobrem?
1640 1910 1759 1941 Aesch-

747 1956 876 1987 Nescio.

268 2006 467 2046 Aeschinus,
490 2008 540 2046 qui
564 2015 633 2037 eam
654 2006 870 2038 assonantiam
893 2007 1117 2047 respondendo
1132 2009 1198 2047 jaim
1214 2008 1345 2050 adjuvit,
1369 2009 1503 2049 denique
1521 2009 1638 2050 gaudio
1654 2011 1757 2041 elatus

141 2055 304 2095 exclamat,
328 2064 358 2085 v.
382 2056 438 2086 66:
845 2056 885 2087 Di
907 2057 973 2099 ine,
998 2061 1099 2098 pater,

494 2102 621 2138 'Omnes
643 2104 784 2148 oderint,
802 2108 833 2137 ni
856 2108 959 2149 magis
983 2110 1013 2139 te
1036 2117 1127 2148 quam
1151 2107 1259 2139 oculos
1283 2118 1365 2140 nunc
1391 2108 1461 2141 amo
1485 2119 1582 2141 meos.

269 2154 367 2186 Addit
390 2156 492 2196 paullo
515 2155 598 2186 infra
622 2165 652 2187 v.
676 2157 727 2197 ⁷0,
750 2158 808 2187 71:

495 2204 543 2236 'l‘o
566 2205 670 2247 potios
690 2206 783 2238 Deos
805 2205 1031 2248 comprecare!
1047 2207 1118 2239 mim
1142 2208 1196 2240 tibi
1219 2217 1277 2241 eos
1301 2207 1389 2241 certo
1413 2210 1491 2251 scio,

493 2254 563 2293 Quo
585 2256 636 2286 vir
659 2256 768 2288 melior
790 2256 884 2292 multo
908 2267 945 2289 es
969 2267 1060 2298 quam
1083 2268 1163 2300 ego,
1186 2259 1459 2300 obtemperaturos
1481 2261 1595 2303 magis.
