2016 2603
987 92 1012 122 ’Ξ

186 194 218 220 ut
249 194 428 234 poetarum,
465 201 545 233 quos
573 193 732 224 recentior
762 196 853 224 aetas
884 193 1025 233 protulit,
1069 195 1203 233 optimus
1237 194 1369 234 quisque
1399 194 1431 224 in
1453 202 1493 225 eo
1522 204 1646 236 genere
1673 197 1806 228 maxime

187 250 370 283 summoque
393 253 460 275 cum
484 242 588 274 studio
612 242 835 274 elaboraverit.
881 241 1073 283 Quamquam
1096 243 1128 274 in
1151 252 1190 275 eo
1213 252 1336 284 quoque
1358 243 1442 286 loco,
1477 245 1559 277 sicut
1581 248 1644 277 toto
1669 249 1806 286 poeseos

187 299 301 332 regno,
324 292 452 324 divinus
481 292 606 332 quidam
629 293 719 323 nisus
746 295 841 332 atque
869 293 1012 333 afflatus,
1046 294 1096 323 sui
1125 293 1225 333 ipsius
1255 293 1324 324 fere
1352 303 1412 324 non
1443 296 1610 336 conscius,
1645 296 1806 335 plurimum

187 340 288 382 valet,
312 342 475 382 omnisque
498 342 604 382 inepta
626 350 665 372 ac
687 342 781 373 nimia
803 341 969 384 diligentia
985 343 1136 382 justoque
1158 342 1252 373 altius
1282 343 1416 384 repetita
1439 347 1471 374 et
1497 344 1655 375 arcessita
1678 354 1733 375 ars
1755 345 1806 375 in-

187 391 262 422 cidit
284 392 315 422 in
340 393 446 422 vitium
469 396 501 422 et
517 394 591 431 jure
615 391 867 431 reprehenditur.

314 441 434 474 Poetae
458 445 608 482 veteres,
631 450 771 483 graecos
794 441 864 472 dico
888 445 920 473 et
942 441 1069 483 latinos,
1092 451 1161 473 eam
1181 441 1303 473 laudem
1320 451 1512 475 commorere
1526 443 1700 475 noluerunt.
1733 445 1804 475 Non

187 490 302 522 desunt
325 492 447 532 quidem
472 501 622 524 versuum
650 491 793 522 similiter
821 492 1000 523 exeuntium
1031 492 1175 533 exempla
1204 496 1237 524 et.
1264 492 1332 524 fere
1360 493 1442 534 apud
1471 503 1580 524 omnes
1610 494 1804 534 antiquitatis

186 544 297 580 poetas
325 543 537 581 reperiuntur.
594 542 720 581 Lingua
748 541 840 571 etiam
870 546 1017 581 utraque,
1062 551 1152 580 quum
1183 542 1281 573 latina
1310 545 1372 574 tum
1396 552 1535 584 graeca,
1564 552 1626 577 non
1649 544 1749 578 solum
1768 545 1803 579 ι’.

185 589 362 632 radieibus,
394 591 453 623 sed
476 592 570 622 etiam
604 591 635 620 in
663 590 933 622 terminationibus
960 599 1071 621 vocum
1103 587 1155 632 (id
1179 590 1261 632 quod
1285 591 1326 622 ad
1350 591 1477 634 linguas
1500 592 1698 627 recentiores
1720 592 1802 628 haud

184 648 286 680 aeque
307 643 456 682 pertinet,
479 651 608 682 quorum
632 641 755 672 termini
777 641 871 672 multo
900 640 1088 672 infirmiores
1118 641 1301 682 plerumque
1328 645 1361 675 et
1388 641 1529 674 leviores
1558 646 1644 679 sunt,
1681 646 1803 678 etcum

185 693 328 720 veterum
346 691 525 732 linguar-um
548 691 657 722 formis
681 694 712 721 et
735 690 922 721 flexionibus
946 691 1121 729 comparari
1145 691 1199 721 vix
1222 688 1378 731 possunt)
1402 694 1518 724 tantam
1542 691 1639 723 habet
1653 702 1801 727 sonorum

182 740 274 780 quasi
297 741 434 780 copiam,
457 743 574 771 tautam
593 740 786 782 gravitatem
805 743 836 771 et
853 739 1123 780 pulchritudinem,
1147 743 1179 771 ut
1206 738 1333 772 difficile
1355 740 1425 773 fere
1445 739 1590 773 videatur
1611 740 1802 784 intellig-ere,

184 798 241 820 cur
264 793 377 829 poeitae
403 794 533 821 veteres
557 790 632 821 illud
657 794 795 831 poeseos
818 793 1032 820 ornamentum
1053 793 1087 821 et
1109 790 1307 821 corollarium
1335 790 1588 832 repudiaverint,
1616 800 1718 831 eoque
1740 793 1800 822 nisi

184 838 254 870 fere
283 840 457 871 inscientes
486 844 518 871 et
548 839 675 871 fortuito
705 841 753 871 usi
782 848 843 870 non
871 840 943 885 sint.
994 838 1147 876 Quamvis
1177 849 1252 870 vero
1282 849 1338 880 pro
1362 843 1449 871 certo
1477 840 1535 871 hoc
1562 841 1684 872 minime
1712 841 1802 872 affir-

183 890 352 930 maverim,
387 893 418 921 et
440 891 585 930 quamvis
613 890 738 921 multum
766 890 808 920 sit
831 899 850 920 a
874 889 952 919 viris
981 888 1082 919 doctis
1107 888 1313 930 disputatum,
1343 893 1443 921 utrum
1466 899 1520 931 ea,
1549 899 1630 931 quae
1654 891 1684 922 in
1709 894 1802 927 vnete-

184 940 272 970 ribus
297 940 451 979 poematis
473 940 611 980 sparsim
634 940 797 980 leguntur,
822 938 1081 979 homoeoteleuta,
1104 939 1144 970 ab
1166 939 1305 970 auctoris
1327 942 1396 971 urte
1419 943 1452 970 et
1474 940 1603 974 consilio
1626 949 1667 973 au
1689 942 1729 972 ab
1752 942 1802 973 in-

184 993 277 1021 cauta
298 989 500 1032 negligentia
521 989 677 1031 originem
701 989 867 1029 duxerint,
904 991 1007 1019 tamen
1038 991 1178 1020 nostrum
1209 988 1268 1020 hoc
1297 989 1365 1020 loco
1390 998 1450 1020 non
1474 993 1540 1031 est,
1578 990 1610 1021 in
1635 999 1707 1023 eam
1734 1000 1801 1024 rem

180 1041 362 1072 accuratius
384 1040 560 1081 inquirere,
590 1049 648 1071 uec
672 1043 834 1080 repetere,
872 1047 952 1079 quae
976 1039 1006 1069 in
1030 1047 1068 1069 eo
1090 1047 1214 1080 genere
1231 1040 1298 1078 jam
1321 1040 1401 1070 sutis
1424 1039 1597 1072 luculenter
1617 1048 1656 1072 ac
1673 1040 1801 1072 firmiter

182 1091 351 1122 statuerint
373 1093 467 1129 atque
490 1090 645 1120 evicerint
673 1090 736 1130 apti
750 1089 890 1129 judices.

311 1138 390 1170 mad
414 1138 556 1179 profecto
580 1148 671 1170 nemo
694 1148 818 1180 negare
843 1139 967 1179 poterit,
993 1141 1123 1169 veteres
1147 1141 1268 1179 poetas,
1287 1139 1435 1178 quamvis
1450 1138 1590 1170 sortasse
1603 1139 1677 1172 illud
1691 1150 1800 1172 veruta

182 1199 220 1220 ac
248 1189 423 1230 proprium,
452 1188 533 1229 quod
562 1189 644 1229 apud
675 1189 863 1220 recentioris
891 1188 963 1219 aevi
997 1188 1130 1228 populos
1158 1190 1324 1228 tantopere
1352 1188 1500 1228 invaluit,
1530 1188 1800 1223 homoeoteleuton

182 1239 372 1270 carminibus
393 1239 459 1269 suis
484 1247 546 1269 non
570 1239 712 1269 consulto
736 1237 945 1277 adhibuerint,
969 1240 1072 1267 tamen
1096 1246 1158 1266 non
1181 1237 1282 1269 minus
1304 1238 1434 1268 auribus
1457 1247 1548 1277 quam
1563 1237 1673 1279 digitis
1693 1240 1801 1281 legiti-

181 1298 272 1330 mum,
295 1292 328 1319 ut
348 1289 394 1318 ait
416 1288 580 1328 Horatius,
604 1297 715 1318 sonum
738 1287 888 1318 calluisse
912 1290 943 1317 et
966 1287 996 1318 in
1020 1285 1137 1317 utendo
1159 1286 1211 1317 illo
1234 1287 1305 1316 soni
1327 1286 1482 1318 lenocinio
1506 1296 1567 1318 non
1587 1288 1688 1320 solum
1705 1289 1799 1320 multo

181 1348 289 1379 opere,
313 1337 372 1369 sed
386 1338 478 1368 etiam
492 1338 583 1377 quasi
597 1337 793 1368 faustissima
805 1336 953 1368 Minerva
973 1336 1171 1376 elaborasse,
1184 1344 1265 1376 quae
1278 1336 1488 1370 recentiorum
1502 1337 1680 1378 linguarum
1693 1339 1801 1369 versi-

181 1397 261 1419 ones
285 1387 365 1418 omni
389 1396 537 1417 sonorum
558 1386 689 1417 artificio
714 1386 826 1416 imitari
849 1395 912 1416 non
936 1386 1071 1426 possint,
1096 1393 1238 1424 quaeque
1262 1385 1293 1414 in
1314 1385 1424 1426 lingua
1442 1389 1554 1416 vetere
1569 1386 1640 1426 ipsa
1656 1396 1675 1417 a
1689 1387 1799 1426 peritis

181 1441 213 1470 et
235 1437 338 1468 doctis
360 1437 430 1467 solo
453 1435 559 1467 auditu
584 1436 635 1468 vel
659 1445 759 1468 sensu
783 1436 902 1477 perci-pi
926 1435 1035 1467 velint.

309 1487 516 1517 Instituerunt
538 1490 641 1517 autem
664 1486 722 1516 hoc
747 1489 858 1526 poetae
878 1489 1007 1517 veteres
1023 1484 1217 1525 quadruplici
1233 1485 1428 1525 potissimum
1444 1486 1576 1526 ratione,
1600 1486 1800 1518 inveniuntur

181 1538 263 1569 enim
293 1539 440 1577 quattuor
468 1544 546 1565 sono
576 1536 666 1575 quasi
695 1535 822 1566 ludendi
845 1544 968 1575 genera
991 1533 1074 1574 apud
1098 1534 1179 1573 illos,
1211 1543 1340 1574 quorum
1371 1544 1448 1565 usus
1472 1535 1502 1565 in
1524 1535 1640 1567 litteris
1662 1537 1800 1576 antiquis

181 1591 232 1618 est
255 1586 544 1626 frequentissimus,
568 1589 601 1616 et
624 1585 819 1625 frequentior
842 1585 920 1625 fere,
951 1594 1042 1624 quam
1064 1583 1146 1624 apud
1171 1586 1343 1616 nostrates.

309 1636 445 1665 Primum
468 1645 574 1676 genus
598 1636 738 1666 cernitur
760 1635 791 1664 in
814 1634 1052 1664 consonantium
1076 1634 1278 1673 repetitione,
1308 1644 1388 1673 quae
1418 1635 1588 1665 instituitur
1615 1645 1676 1667 non
1699 1637 1799 1667 solum

179 1687 218 1717 ab
242 1686 328 1716 initio
361 1693 470 1715 vocum
499 1685 710 1726 integrarum,
746 1683 803 1715 sed
829 1684 921 1715 etiam
944 1684 984 1713 ab
1008 1683 1093 1713 initio
1116 1682 1286 1713 mediarum
1311 1683 1452 1722 ejusdem
1474 1684 1563 1714 vocis
1587 1684 1798 1726 syllabarum,

179 1737 252 1776 quin
276 1735 369 1767 etiam
393 1734 579 1774 quibusdam
609 1735 688 1765 locis
715 1733 789 1764 illud
818 1743 941 1774 quoque
971 1733 1001 1763 in
1032 1742 1101 1764 eum
1129 1731 1222 1763 tinem
1251 1735 1358 1774 potest
1384 1733 1552 1775 advocari,
1587 1734 1669 1775 quod
1691 1735 1797 1766 littera

178 1794 361 1815 consonans
386 1785 415 1814 in
441 1784 501 1814 tine
532 1784 571 1814 ad
597 1786 782 1823 sequentem
812 1792 920 1814 vocem
952 1792 970 1813 a
1002 1783 1104 1813 vocali
1134 1782 1332 1822 incipientem
1361 1784 1524 1814 recitando
1552 1784 1734 1814 traducitur.
1760 1803 1797 1805 —

178 1834 348 1875 Appellata
371 1836 422 1865 est
451 1843 490 1866 ea
520 1833 626 1876 figura
647 1843 666 1864 a
691 1833 769 1864 viris
794 1833 899 1863 talium
923 1841 1026 1863 rerum
1050 1832 1160 1873 peritis
1184 1832 1442 1863 allitteratio.

304 1884 446 1915 Alterum
468 1893 574 1925 genus
597 1884 716 1923 existit,
740 1893 831 1923 quum
856 1883 1009 1914 vocalium
1032 1882 1177 1922 repetitio
1202 1882 1234 1912 sit
1256 1886 1310 1914 aut
1332 1883 1372 1913 ab
1395 1883 1481 1913 initio
1504 1883 1636 1923 plurium
1656 1883 1797 1914 vocabu·-

176 1934 274 1965 lorum
297 1937 352 1964 aut
373 1934 404 1964 in
428 1933 540 1965 mediis
565 1934 616 1964 vel
640 1933 848 1972 exeuntibus,
878 1936 932 1963 aut
955 1932 1095 1972 pluribus
1118 1931 1198 1962 locis
1228 1932 1338 1973 simul,
1365 1932 1396 1962 id
1424 1932 1506 1972 quod
1537 1933 1630 1963 etiam
1660 1933 1691 1963 in
1717 1941 1797 1963 con-

176 1985 363 2015 sonantibus
402 1983 569 2014 observari
599 1986 714 2024 potest.
767 1982 909 2014 Litterae
941 1981 1071 2012 vocales
1106 1990 1216 2012 sonum
1245 1982 1335 2012 vocis
1366 1983 1492 2023 proprie
1526 1981 1678 2023 efficiunt,
1713 1981 1795 2014 unde

174 2034 288 2064 factum
313 2043 379 2074 est,
402 2037 435 2063 ut
458 2042 497 2064 ea
520 2033 590 2063 soni
613 2032 715 2073 figura
739 2041 832 2062 asso
844 2033 1008 2062 nantiae
1031 2040 1143 2061 nomen
1171 2031 1342 2071 acceperit.

302 2082 391 2120 Quae
415 2083 520 2123 priora
543 2081 605 2112 duo
628 2091 751 2123 genera
775 2081 816 2112 ad
839 2081 985 2123 singulas
1009 2081 1133 2111 litteras
1156 2081 1325 2121 pertinent,
1348 2090 1518 2121 earumque
1542 2092 1601 2113 usu
1619 2082 1700 2112 bene
1717 2089 1796 2111 cou-

172 2134 314 2164 siderato
337 2133 486 2163 nituntur.
531 2132 672 2162 Fuerunt
694 2132 798 2172 etiam,
830 2131 881 2170 qui
905 2140 1012 2162 eorum
1036 2133 1145 2170 partes
1174 2130 1282 2171 plures
1313 2134 1345 2161 et
1373 2131 1463 2171 quasi
1492 2131 1702 2163 secundarius
1724 2133 1796 2161 sta-

171 2185 315 2223 tuerent,
338 2190 419 2221 quas
442 2181 569 2221 quidem
593 2181 674 2212 bene
697 2184 729 2211 et
751 2183 839 2212 recte
863 2181 1010 2211 constitui
1034 2189 1133 2220 posse
1156 2179 1307 2221 concedo,
1331 2180 1389 2212 sed
1414 2181 1443 2211 in
1467 2191 1516 2222 ea,
1540 2190 1621 2221 quae
1643 2189 1714 2211 mox
1737 2189 1794 2211 se-

171 2232 283 2272 quitur,
308 2231 521 2272 exemplorum
544 2230 781 2261 enumeratione
806 2230 975 2271 negligere
999 2230 1101 2260 malui.
