2016 2603
323 241 551 280 Relinquuntur
573 241 634 271 alia
657 241 718 271 duo
741 249 882 283 genera,
904 249 986 281 qnae
1008 249 1070 273 non
1095 243 1162 281 jam
1192 241 1233 272 ad
1262 242 1408 283 singulas
1436 243 1574 282 litteras3
1608 242 1666 273 sed
1695 242 1734 271 ad
1766 243 1815 272 in-

197 293 310 334 tegras
332 289 475 331 syllabas
498 292 655 331 spectant.
701 289 837 329 Quorum
860 290 993 323 alterum
1015 291 1155 324 cernitur
1179 291 1209 322 in
1233 291 1420 333 repetitione
1443 290 1588 332 syllabae
1611 287 1760 322 fidiculis
1784 292 1815 322 in

197 341 338 380 pluribus
361 340 503 375 ejusdem
527 340 660 381 originis
685 341 863 382 vocabulis,
894 344 926 372 et
948 342 1291 372 annominationis
1314 342 1438 372 nomine
1461 340 1661 381 designatur,
1684 342 1814 373 alterum

197 390 228 420 in
250 389 404 421 iterandis
428 390 649 420 vocabulorum
672 390 957 431 terminationibus,
987 394 1042 421 aut
1064 390 1157 430 plane
1181 390 1309 432 iisdem,
1337 393 1370 420 ut
1392 400 1432 421 ex
1456 390 1568 421 eadem
1592 391 1736 421 flexionis
1760 399 1814 421 ra-

195 441 281 471 tione
304 440 507 480 proveniant,
530 442 584 470 aut
606 440 758 470 similibus
781 444 914 480 tantum,
938 444 972 472 ut
993 440 1033 471 ad
1058 440 1148 471 varia
1178 441 1323 472 flexionis
1354 450 1475 477 genera
1504 441 1692 480 pertineant.
1743 440 1814 472 Hoc

197 489 320 529 quidem
344 492 543 520 vocaverunt
564 489 852 531 homoeoteleuton,
884 490 943 521 sed
967 499 1059 530 quum
1081 498 1120 520 eo
1144 490 1267 520 nomine
1296 490 1490 530 potissimum
1520 489 1581 519 duo
1613 492 1730 520 tantum
1763 490 1812 522 vel

196 539 304 580 plures
327 549 462 579 versus7
486 548 615 579 quorum
638 540 668 570 in
692 539 754 570 tine
777 540 887 571 similis
911 550 1010 571 sonus
1039 543 1071 572 et
1099 540 1189 580 quasi
1219 544 1391 572 concentus
1421 540 1556 571 existat.
1591 538 1812 582 designentur,

196 597 265 618 enm
288 589 358 620 soni
381 588 533 629 figuram,
557 598 637 628 quae
659 590 691 619 in
714 599 775 620 uno
799 599 897 620 versu
924 590 1055 629 saepius
1085 590 1219 630 repetita
1246 590 1466 621 terminatione
1495 590 1608 629 oritur,
1645 599 1744 628 eoque
1773 590 1812 621 ab

197 637 249 668 illa
272 638 404 669 maxime
427 636 550 678 differt,
575 637 615 669 ad
638 638 816 679 analogiam
840 648 963 679 eorum,
994 648 1074 679 quae
1099 640 1165 677 jam
1196 639 1393 679 accepimus.
1432 639 1602 678 nominum3
1637 639 1812 679 quibusque

196 688 339 720 omnibus
363 689 499 719 virorum
523 688 648 720 classici
672 689 804 730 generis
825 690 993 729 peritorum
1013 689 1107 721 venia
1129 692 1161 721 et
1176 689 1372 730 indulgentia
1386 692 1438 720 est
1457 688 1661 729 impetranda.
1686 692 1810 720 atter-

196 739 444 768 minationem
467 738 702 778 appellaverim.

322 786 469 819 Ceterum
504 789 534 818 in
568 787 742 827 hujusmodi
774 788 885 829 figuris
915 788 1114 819 statuendum
1144 788 1284 819 videtur.
1322 789 1464 829 syllabas
1495 788 1624 827 finales,
1661 789 1752 818 ctiam
1782 789 1809 819 si

195 837 351 869 elidantur
381 840 509 877 propter
536 837 628 878 leges
656 839 819 878 metricas,
854 842 885 869 et
915 839 945 868 iu
974 838 1158 869 recitatione
1192 839 1283 878 quasi
1317 842 1528 878 evanescant,
1565 848 1656 878 quum
1686 838 1809 878 quidem

196 889 223 917 si
247 897 308 918 non
331 887 455 927 auditu,
479 890 581 918 tamen
606 897 706 918 sensu
727 888 915 918 audientium
939 887 1022 918 haud
1046 887 1138 918 dubie
1163 892 1330 927 perceptae
1355 888 1433 926 sint3
1459 888 1580 918 minime
1604 896 1681 918 esse
1705 889 1810 929 negli-

195 936 339 980 gendas,
363 936 421 968 sed
446 946 547 977 aequo
565 939 638 976 jure
662 937 892 977 respiciendos.
938 937 1005 976 Qua
1029 937 1069 968 de
1093 947 1189 968 causa
1214 938 1243 966 in
1267 937 1478 977 exemplorum
1502 937 1586 967 serie
1610 937 1716 967 talium
1731 947 1811 977 quo-

197 995 257 1026 que
279 988 417 1017 locorum
442 987 594 1018 rationem
617 986 719 1018 habui.

324 1036 459 1066 Utuntur
492 1039 595 1068 autem
630 1036 680 1067 his
714 1037 784 1067 soni
818 959 1071 1117 figurisssosstue
1103 1041 1232 1068 veteres
1261 1037 1300 1067 ad
1331 1036 1551 1078 depingendus
1581 1038 1689 1067 varios
1717 1038 1810 1068 animi

196 1090 314 1128 motus7
339 1086 515 1126 mentisque
538 1087 807 1128 perturbationes,
841 1086 872 1117 id
901 1096 940 1127 qu
965 1086 982 1117 d
1012 1087 1043 1117 in
1072 1087 1187 1118 fabulis
1218 1087 1411 1127 potissimum
1435 1087 1572 1118 scenicis
1597 1087 1719 1118 maximi
1743 1097 1810 1118 mo-

195 1137 290 1168 menti
313 1136 385 1177 fuit,
408 1140 440 1167 et
461 1136 666 1168 histrionibus
690 1138 823 1167 actionis
842 1140 940 1168 artem
963 1136 1057 1168 valde
1070 1136 1236 1177 adjuvare.
1260 1136 1514 1176 recitationisque
1528 1140 1559 1167 et
1572 1136 1808 1168 declamationis

195 1187 256 1216 vim
286 1189 317 1217 et
341 1187 484 1216 effectum
514 1186 655 1226 profecto
684 1187 790 1217 mirum
820 1187 849 1216 in
879 1186 1001 1217 modum
1024 1196 1146 1228 augere
1177 1186 1283 1226 potuit.
1334 1185 1417 1217 Prae
1440 1187 1556 1217 ceteris
1581 1187 1808 1219 comoediae

195 1239 338 1268 veterum
360 1236 399 1266 iis
421 1235 597 1276 abundant,
628 1245 748 1276 easque.
777 1237 966 1276 saepissime
996 1240 1049 1268 aut
1078 1240 1173 1266 totam
1199 1231 1271 1267 ‘sere
1300 1236 1357 1266 loci
1389 1235 1550 1274 cujusdam
1575 1236 1636 1266 vim
1660 1238 1808 1268 comicam

195 1285 335 1324 efficere,
358 1288 411 1316 aut
434 1295 502 1315 eam
525 1285 635 1316 saltem
660 1286 886 1324 speciosiorem
909 1289 1002 1324 atque
1026 1285 1235 1316 efficaciorem
1260 1285 1395 1316 reddere
1420 1286 1512 1316 facile
1537 1289 1642 1325 potest
1665 1286 1778 1316 evinci.

322 1334 474 1366 Videmus
498 1335 589 1365 etiam
614 1338 723 1374 poetas
747 1335 786 1365 iis
816 1335 1008 1374 potissimum
1040 1335 1187 1374 personis
1216 1343 1392 1365 sermonem
1423 1335 1537 1365 talibus
1569 1334 1682 1375 figuris
1713 1345 1810 1366 orna-

195 1388 256 1415 tam
280 1388 312 1415 et
334 1385 424 1424 quasi
448 1383 603 1415 conditam
626 1385 808 1424 attribuere,
830 1385 861 1414 in
885 1384 996 1423 quibus
1020 1384 1115 1414 totius
1138 1383 1263 1414 fabulae
1287 1383 1434 1415 cardines
1458 1388 1640 1423 versentur3
1664 1389 1696 1415 et
1716 1384 1810 1415 dicti-

196 1443 287 1464 onem
310 1434 468 1464 scenicam
491 1437 553 1463 tum
582 1434 714 1464 maxime
746 1434 785 1463 iis
813 1437 955 1472 scatere⁸
992 1443 1083 1472 quum
1112 1442 1216 1463 rerum
1246 1433 1462 1472 actionumque
1493 1434 1659 1472 implicatio
1687 1438 1740 1464 ιιιιῐ
1767 1435 1808 1465 ad

194 1484 336 1514 altiorem
359 1486 413 1514 aut
435 1482 570 1523 denique
593 1482 633 1513 ad
657 1492 806 1513 summum
829 1481 983 1513 evehatur
1004 1482 1147 1524 gradum.
1191 1482 1233 1512 Et
1256 1491 1333 1513 vere
1357 1486 1431 1513 sunt
1454 1482 1524 1523 loci⁷
1549 1483 1579 1512 in
1603 1483 1714 1522 quibus
1732 1493 1809 1524 pro-

195 1537 265 1573 pter
287 1534 464 1574 argumenti
487 1533 678 1575 gravitatem
701 1536 813 1573 poetae
837 1533 944 1573 plures
967 1532 1049 1564 tales
1077 1535 1131 1563 aut
1159 1533 1251 1563 unius
1280 1536 1333 1563 aut
1362 1532 1484 1563 diversi
1513 1533 1628 1563 coloris
1659 1543 1807 1566 sonorum

194 1583 302 1613 radios
329 1582 369 1613 ad
400 1582 578 1624 augendum
607 1582 764 1614 sermonis
794 1581 996 1623 splendorem
1025 1583 1268 1622 conjunxerunt.
1314 1586 1345 1612 et
1373 1583 1404 1612 in
1435 1583 1530 1613 totius
1562 1582 1687 1614 fabulae
1716 1585 1806 1624 quasi

193 1632 294 1664 focum
328 1633 539 1674 collegerunt,
578 1634 666 1672 cujus
703 1633 747 1664 rei
783 1635 887 1673 aptum
919 1635 951 1663 et
979 1632 1158 1673 speciosum
1192 1632 1222 1663 iu
1250 1632 1312 1663 fine
1342 1632 1433 1672 liujus
1467 1632 1649 1673 scriptionis
1686 1634 1807 1673 subieci

193 1683 378 1723 exemplum.

321 1731 425 1772 Atque
448 1731 487 1762 ad
512 1741 565 1772 (2215
589 1741 670 1771 (piae
695 1733 724 1762 iu
748 1741 808 1762 una
831 1731 971 1762 Terentii
995 1730 1110 1770 fabula,
1136 1731 1164 1761 in
1185 1731 1349 1772 Adelphis.
1376 1732 1582 1771 reperiantur,
1606 1735 1807 1764 transeamus

193 1783 346 1823 exempla.

662 1856 697 1887 1.
741 1854 1077 1886 mitten-ationis
1115 1854 1342 1894 exempla.

319 1922 392 1953 Jam
415 1923 446 1953 in
470 1922 577 1963 primis
600 1922 763 1964 prologi
786 1921 953 1963 versibus,
978 1921 1028 1961 qui
1059 1924 1091 1952 ut
1113 1931 1239 1962 omnes,
1263 1930 1343 1962 quos
1368 1921 1522 1962 novimus,
1547 1925 1659 1962 poetae
1684 1923 1807 1965 prologi

193 1972 293 2002 minus
315 1972 357 2002 ud
378 1973 553 2003 summatim
575 1972 811 2013 proponendum
835 1971 959 2002 tabulae
982 1975 1217 2013 argumentum,
1248 1981 1338 2011 quam
1368 1970 1409 2001 ad
1432 1971 1664 2013 depugnandos
1687 1973 1807 2004 adver-

192 2021 297 2052 sarios
320 2021 512 2062 compositus
536 2025 596 2064 est,
621 2021 763 2053 audimus
786 2021 877 2061 quasi
900 2020 1118 2052 obsibilantem
1142 2020 1192 2051 his
1206 2021 1472 2052 obtrectatoribus
1490 2029 1610 2060 eosque
1630 2022 1808 2062 exploden-

193 2073 255 2101 tem
277 2074 401 2111 poetam
423 2072 547 2103 iteratis
568 2073 684 2103 litteris
707 2082 734 2102 s.
757 2075 791 2104 et
812 2081 842 2112 p.

438 2121 611 2161 Postquam
635 2126 727 2162 poeta
750 2121 863 2162 sensit,
886 2120 1074 2161 scripturam
1097 2129 1185 2151 suam

437 2171 488 2201 Ab
510 2169 626 2211 iniquis
649 2169 826 2203 observare
849 2174 882 2202 et
903 2169 1112 2201 adversarios

436 2221 564 2261 Rapere
588 2219 619 2251 in
642 2223 782 2261 pejorem
805 2219 944 2261 partem,
973 2229 1063 2260 quam
1085 2218 1187 2256 acturi
1209 2229 1317 2251 sumus

438 2267 556 2300 ind-'cio
577 2270 620 2301 de
643 2280 682 2302 se
704 2270 774 2311 ipse
797 2270 875 2311 erit,
900 2279 960 2300 vos
982 2268 1228 2309 eritis·judices.
