2016 2603
998 134 1047 165 12

345 233 460 266 Scen.
483 234 541 265 IX.
587 234 694 275 Syrus
716 237 748 266 in
771 243 859 266 suam
882 234 1141 275 ipsius—laudem,
1165 244 1195 265 v.
1218 237 1253 266 5:

573 280 654 324 'Ego
677 284 759 314 istos
781 284 874 314 vobis
898 283 999 323 iisque
1022 293 1042 314 a
1062 284 1172 324 pueris
1196 283 1306 314 curavi
1329 284 1438 315 ambos
1462 284 1584 325 sedulo,

369 372 372 376 Δ
573 330 690 373 Πόωί,
713 334 831 372 monui,
855 332 938 365 bene
959 333 1108 373 praecepi
1131 333 1271 373 semper,
1292 341 1373 373 quae
1395 333 1490 374 potui,
1513 331 1626 364 dmnia.

344 381 450 422 Syrus
473 381 630 423 rogitans»,
653 384 686 413 et
707 381 830 413 Demea
851 381 1021 423 accedens,
1044 391 1075 412 v.
1099 382 1155 412 16:

825 430 863 462 S.
886 430 1010 462 Credo:
1034 432 1150 463 utinam
1171 431 1232 462 hoc
1253 431 1438 472 perpetuum
1459 431 1514 463 flat
1534 430 1694 473 gaudium,

569 471 746 523 Phrygiam
769 483 802 512 ut
823 481 955 511 uxorem
976 489 1077 512 meam
1099 490 1162 512 una
1183 480 1303 513 mecum
1326 480 1452 521 videam
1473 479 1614 513 liberam.

570 530 611 560 D.
633 526 809 570 'Optumam
820 529 944 570 quidem
955 530 1127 562 mulierem.
1159 529 1236 570 Syr.
1255 530 1298 560 Et
1314 529 1439 570 quidem
1457 528 1509 560 tud
1526 530 1644 571 nepoti,
1662 529 1754 570 hujus
1766 528 1832 561 filio

568 576 676 613 Hodie
698 579 828 620 primam
851 578 1012 611 mammam
1035 579 1123 611 dedit
1144 579 1234 611 baec.

340 629 380 659 V.
404 631 444 658 89
468 638 559 669 sequ.
603 629 714 660 Verba
736 631 810 659 sunt
830 629 988 670 Demeae,
1024 630 1075 669 qui
1102 632 1136 660 ut
1161 629 1266 660 omnia
1293 630 1325 659 in
1349 630 1472 669 justum
1497 629 1589 670 quasi
1615 628 1757 660 ordinem
1778 638 1835 661 re-

212 677 349 720 digeret,
373 687 453 719 eam,
477 686 570 718 quam
591 679 624 708 in
646 678 753 709 scenis
774 678 1041 718 praecedentibus
1067 678 1218 719 ostendit,
1240 678 1476 719 liberalitatem,
1506 677 1744 720 indulgentiam,
1766 678 1834 709 lar-

211 727 344 769 gitatem
365 727 436 759 fere
459 728 579 759 invitus
606 729 684 767 prae
716 737 753 758 se
778 730 942 768 gesserat.
992 727 1030 758 In
1059 736 1097 759 eo
1126 727 1211 768 loco,
1248 736 1308 768 quo
1334 727 1430 758 totius
1462 727 1589 759 fabulae
1619 727 1836 759 documentum

212 777 304 815 quasi
332 776 424 807 focus
454 777 647 816 continetur,
683 775 877 806 admirabilis
905 779 957 807 est
985 785 1132 807 sonorum
1165 777 1271 815 lusus,
1298 779 1332 807 ut
1353 776 1423 808 fere
1451 777 1554 807 omnia
1582 777 1675 807 istius
1702 776 1836 817 generis

212 825 360 865 exempla
381 827 629 867 conjungantur,
660 833 722 864 qua
745 824 785 855 de
808 833 926 855 caussa
948 826 1107 866 integrum
1129 824 1356 856 adscribimus:

1176 872 1288 905 Dicam
1310 875 1379 905 tibi:
1682 910 1685 914 .

567 919 619 955 'Ut
640 922 673 954 id
696 923 910 965 ostenderem,
934 923 1016 964 quod
1044 927 1075 956 te
1104 924 1157 955 isti
1179 922 1304 956 facilem
1326 927 1358 956 et
1379 922 1529 957 festivom
1550 926 1670 965 putant,

568 971 615 1003 ‘Id
638 982 701 1004 non
723 973 792 1005 fieri
815 982 856 1004 ex
879 973 960 1004 vera
981 974 1062 1013 vita,
1085 973 1189 1014 neque
1211 973 1293 1005 adeo
1316 983 1358 1006 ex
1379 983 1480 1014 aequo
1504 974 1537 1004 et
1557 974 1650 1014 bono,

570 1022 640 1054 sed
662 1022 861 1054 adsentando
885 1026 980 1063 atque
1001 1021 1196 1065 indulgendo
1219 1026 1252 1054 et
1272 1022 1458 1066 largiundo,
1484 1021 1589 1055 Micio.

567 1071 661 1104 Nunc
684 1071 780 1109 adeo,
803 1073 832 1103 si
855 1073 895 1103 ob
918 1073 987 1103 eam
1011 1081 1078 1103 rem
1101 1073 1194 1103 vobis
1217 1073 1287 1104 mea
1310 1074 1376 1105 vita
1396 1074 1517 1114 invisa,
1540 1072 1714 1114 Aeschine,
1736 1075 1808 1113 est,

568 1120 650 1160 Quia
673 1131 736 1153 non
752 1123 842 1161 justa
865 1120 983 1162 injusta
1005 1131 1140 1162 prorsus
1164 1120 1267 1154 omnia
1312 1123 1435 1154 omnino
1458 1120 1632 1163 obsequor:

568 1169 672 1202 Missa
694 1171 787 1213 facio,
811 1169 977 1212 effundite,
1000 1172 1110 1212 emite,
1132 1169 1243 1213 facite,
1266 1171 1350 1212 quod
1371 1170 1465 1203 vobis
1488 1172 1582 1204 lubet.

570 1220 639 1251 sed
662 1222 692 1251 si
714 1220 746 1251 id
768 1220 865 1251 voltis
888 1219 1010 1261 potius,
1045 1230 1125 1260 quae
1149 1229 1209 1252 vos
1232 1218 1362 1261 propter
1383 1220 1630 1252 adolescentiam

568 1268 674 1301 Minus
698 1269 831 1310 videtis,
855 1268 959 1311 magis
982 1270 1124 1310 impense
1147 1268 1277 1311 cupitis,
1308 1269 1473 1301 consulitis
1496 1279 1616 1311 parum,

568 1319 660 1349 Haec
681 1318 920 1359 reprehendere
944 1319 976 1348 et
998 1319 1174 1359 corrigere,
1197 1321 1230 1349 et
1252 1317 1472 1349 obsecundare
1494 1317 1527 1348 in
1548 1319 1633 1350 loco:

564 1364 661 1400 'Ecce
683 1378 748 1408 me,
778 1368 830 1408 qui
857 1367 889 1398 id
911 1366 1025 1399 faciam
1048 1368 1151 1398 vobis.

337 1417 459 1449 Similis
494 1419 599 1457 locus,
634 1421 703 1449 arte
737 1421 770 1448 et
797 1427 948 1448 versuum
979 1426 1058 1448 sono
1087 1418 1268 1459 excellens,
1301 1427 1392 1457 quem
1426 1426 1524 1458 supra
1547 1419 1613 1457 jam
1642 1417 1749 1459 attigi,
1781 1421 1834 1449 est

210 1468 293 1498 Actu
319 1467 360 1509 V,
390 1466 499 1498 Scena
525 1467 572 1497 IV
599 1467 742 1498 Demeae
771 1465 974 1507 monologus,
1015 1475 1075 1505 quo
1105 1466 1268 1499 consilium
1303 1476 1393 1497 suum
1421 1475 1460 1498 se
1483 1467 1576 1506 plane
1604 1467 1831 1498 immutaturum

210 1520 292 1550 esse
311 1516 396 1557 dicit,
420 1526 480 1557 quo
503 1516 587 1548 facto
611 1519 803 1556 sequentes,
836 1516 948 1556 quibus
971 1516 1038 1547 exit
1058 1515 1186 1557 fabula,
1217 1524 1352 1558 scenae,
1380 1524 1510 1557 quarum
1542 1517 1675 1547 effectus
1696 1516 1830 1548 maxime

209 1568 349 1598 comicus
373 1569 439 1607 est,
463 1567 555 1606 quasi
576 1568 818 1606 praeparantur.
837 1579 841 1581 ·
862 1565 973 1605 Juvat,
997 1575 1038 1596 ex
1060 1575 1098 1596 eo
1121 1565 1331 1605 locoaliquot
1353 1568 1471 1596 tantum
1493 1575 1611 1597 versus
1633 1564 1830 1607 adscribere,

209 1617 261 1657 qui
284 1616 316 1647 in
339 1615 464 1656 optimis
488 1618 521 1647 et
543 1614 778 1656 splendissimis
801 1614 897 1645 totius
921 1614 1047 1645 fabulae
1078 1614 1261 1646 numerandi
1292 1614 1477 1646 videantur:

336 1665 376 1696 V.
400 1666 421 1696 8
444 1673 535 1705 sequ.

565 1710 611 1744 'Id
635 1723 712 1745 esse
735 1722 855 1754 verum,
880 1723 921 1744 ex
942 1722 992 1744 me
1015 1712 1110 1753 atque
1132 1722 1172 1744 ex
1194 1713 1295 1744 fratre
1318 1711 1419 1745 cuivis
1442 1713 1535 1750 facile
1558 1716 1609 1745 est
1631 1712 1788 1744 nosceres

564 1760 631 1795 'Ille
654 1772 744 1793 suam
766 1772 894 1803 semper
917 1762 984 1803 egit
1008 1763 1104 1793 vitam
1125 1763 1157 1793 in
1180 1761 1258 1804 otio,
1282 1763 1314 1793 in
1336 1761 1511 1794 conviviis:

565 1812 732 1853 Clemens,
756 1811 899 1852 placidus
906 1834 915 1853 ,
938 1811 1014 1842 milli
1036 1811 1166 1844 laedere
1189 1810 1241 1849 ds,
1263 1812 1407 1844 arridere
1430 1810 1584 1844 omnibus.

564 1860 634 1893 Sibi
657 1861 747 1902 vixit,
771 1861 832 1891 sibi
855 1859 988 1891 sumtum
1011 1860 1102 1892 fecit:
1126 1860 1237 1892 omnes
1261 1862 1343 1892 bene
1366 1860 1482 1902 dicunt,
1505 1864 1620 1893 amant.

559 1907 643 1953 'Ego
665 1910 719 1941 ille
741 1910 900 1952 agrestis,
924 1919 1056 1952 saevus,
1079 1910 1197 1951 tristis,
1219 1909 1336 1951 parcus
1359 1909 1564 1950 truculentus,
1587 1912 1694 1950 tenax,

562 1960 649 1992 Duxi
671 1969 801 1991 uxorem
823 1963 884 1991 etc.

332 2012 375 2042 Et
397 2011 500 2052 paullo
523 2013 597 2051 post
621 2019 651 2040 v.
675 2011 716 2040 16
738 2018 828 2049 sequ.
992 2051 996 2054 μ

560 2058 664 2100 Nunc,
687 2062 802 2092 exacta
823 2057 930 2091 aetate
953 2058 1013 2091 boc
1034 2059 1127 2090 fructi
1149 2057 1206 2100 pro
1228 2058 1339 2091 labore
1361 2059 1402 2090 ab
1424 2056 1474 2089 bis
1497 2057 1577 2100 fero,

561 2107 693 2141 'odium
717 2110 770 2141 ille
793 2109 874 2140 alter
897 2108 968 2141 sine
990 2110 1100 2141 labore
1123 2108 1226 2150 pa'tria
1247 2109 1364 2150 potitur
1385 2107 1557 2150 commoda,

561 2156 661 2190 'Illum
682 2162 802 2200 amant,
826 2168 876 2190 me
897 2158 1051 2201 fugitant:
1075 2158 1120 2189 illi
1142 2158 1276 2189 credunt
1296 2158 1429 2189 consilia
1451 2155 1567 2189 omnia:

560 2205 658 2241 'Illum
681 2207 830 2250 diligunt:
854 2207 938 2249 apud
959 2208 1043 2239 illum
1065 2206 1141 2239 siint
1161 2208 1267 2239 ambo:
1295 2216 1358 2250 ego
1380 2206 1531 2239 desertus
1553 2217 1632 2238 sum.

560 2254 669 2298 'Illum,
693 2260 726 2289 ut
748 2258 847 2298 vivat,
872 2255 994 2298 optant:
1017 2266 1118 2289 meam
1140 2260 1244 2289 autem
1265 2254 1395 2289 mortem
1417 2259 1615 2298 exspectant.
