2016 2603
975 153 1027 184 lo

313 253 387 284 Bini
410 254 536 294 priores
559 255 619 284 loci
642 264 760 285 versus
783 263 852 285 eam
871 254 1047 294 imperfecti
1066 255 1258 293 eonjuneu'vi
1274 254 1404 286 formam
1427 255 1543 294 semel,
1566 256 1617 294 qui
1635 259 1811 297 sequnntur

187 300 249 332 duo
275 303 326 334 bis
349 303 529 344 proferunt,
552 304 584 334 in
607 306 749 336 extremo
772 303 938 350 quinquies
966 304 1131 354 repetitam
1160 302 1264 334 vides.
1795 325 1800 327 -

317 350 430 383 Scen.
454 353 514 392 111,
534 362 569 391 ¹v.
592 354 646 393 5⁷,
668 353 711 383 58
732 352 844 390 similis
868 353 938 383 soni
959 352 1060 384 lusus
1109 351 1232 384 Demea
1260 361 1343 383 vano
1374 352 1496 384 scilicet
1512 348 1659 394 gaudio
1667 353 1810 394 repletus

186 403 319 441 propter
342 399 547 441 Ctesiphonis
571 402 803 443 integritatem,
827 409 919 441 quam
942 400 1048 442 Syrus
1071 401 1101 433 ei
1129 401 1293 442 imposuit,
1330 402 1441 442 partim
1468 410 1592 443 seeum,
1629 402 1740 443 partim
1766 401 1808 433 ad

188 448 307 491 Syrum
330 450 438 482 addita
462 460 586 491 quoque
608 451 846 484 allitteratione:

543 501 582 531 D.
607 499 729 532 Salvos
752 502 794 532 sit
817 510 928 541 spero:
952 504 1004 531 est
1025 498 1138 532 similis
1159 499 1309 540 majorum
1332 510 1432 532 suum.
1460 500 1538 541 Syr.
1559 498 1640 532 Hui!
1662 518 1700 523 -—

542 549 584 581 D
608 548 706 592 Syre,
728 549 970 591 praeceptorum
994 549 1107 590 plenus
1128 549 1272 591 istorum,
1296 549 1359 581 ille.
1382 548 1460 591 Syr.
1484 547 1634 590 Phyl—

315 606 436 638 Videas
461 608 657 648 potissimum
685 607 763 648 Syri
790 607 1075 648 interpellationem
1101 607 1283 639 illudentem
1310 608 1342 639 in
1371 607 1456 639 exitu
1484 608 1647 649 utriusque
1677 616 1807 650 versus,

187 665 249 696 qua
271 656 341 688 fere
363 656 638 689 homoeoteleuton
661 657 804 688 efficitur.
848 658 977 698 Locum,
1001 658 1052 697 qui
1075 657 1217 697 sequitur
1240 664 1337 697 supro
1353 655 1420 696 jam
1446 657 1624 699 :ittig-imae,
1652 660 1703 688 est
1725 658 1807 688 enim

186 705 282 738 valde
310 715 449 738 sonorus
472 710 505 739 et
527 708 607 739 miro
628 706 760 739 artificio
783 707 986 747 compositus.
1030 706 1083 738 Ad
1106 706 1388 740 atterminationem
1409 706 1492 748 quod
1515 707 1637 748 attinet,
1659 706 1806 738 attendas

186 756 382 796 potissimum
406 756 446 788 ad
470 767 600 788 versum
628 758 678 788 71.
724 755 816 796 Syri:

542 807 614 837 Hoc
636 806 757 838 salsum
779 808 830 847 ἐς
853 806 912 838 hoc
934 805 1080 837 adustum
1103 806 1158 847 ’st‚
1182 806 1241 837 hoc
1263 805 1379 838 lautum
1401 807 1443 837 ’st
1464 803 1590 847 paruml

316 862 431 895 Scen.
455 864 513 894 lv.
557 864 684 906 Hegio,
714 873 817 894 senex
839 864 957 904 probus
987 873 1025 895 ac
1053 873 1207 904 severus,
1240 872 1395 895 enarrans
1425 864 1576 903 Demeae,
1613 873 1694 903 quae
1723 872 1809 893 com-

186 913 308 944 miserit
331 913 514 945 Aeschinus
538 915 570 944 in
591 913 787 954 Pamphilam
812 923 843 943 v.
865 915 907 944 25
930 923 1020 954 sequ.

545 964 643 995 Venit
665 961 755 1003 ipsus
778 963 876 1005 ultro,
899 962 1096 1005 lacrumans,
1120 972 1227 1005 orans,
1251 962 1437 1006 obsecrans,

545 1013 656 1043 Fidem
680 1012 772 1051 dans,
790 1014 906 1052 jurans
930 1022 967 1043 se
990 1011 1073 1045 illam
1096 1012 1259 1044 ducturum
1282 1012 1414 1055 domum,

544 1060 689 1104 Ignotum
714 1061 772 1102 ’st,
796 1063 921 1093 tacitum
943 1062 999 1102 ’st,
1023 1062 1176 1093 creditum
1198 1062 1249 1093 ’st

314 1111 357 1142 Et
378 1111 461 1142 infra
484 1111 577 1152 idem,
602 1112 684 1142 omni
709 1112 886 1142 severitate
909 1111 1083 1151 affirmans,
1107 1121 1144 1142 se
1167 1111 1342 1151 adJuturum
1357 1121 1434 1144 esse
1451 1112 1599 1143 mulieres
1616 1110 1727 1142 fraude
1747 1111 1807 1142 de-

185 1164 307 1202 ceptas,
332 1171 361 1191 v.
385 1162 423 1191 51
449 1170 539 1201 sequ.

544 1208 748 1252 Quapropter
771 1211 872 1252 nitar,
896 1209 1019 1251 faciam,
1043 1210 1206 1251 experiar:
1230 1209 1365 1251 denique

543 1259 689 1291 Animam
714 1261 887 1301 relinquam
910 1258 1025 1301 potius,
1049 1268 1139 1300 quam
1162 1260 1233 1290 illas
1257 1259 1415 1291 deseram.

876 1404 1020 1436 Actus
1042 1404 1115 1435 lv.

314 1470 429 1501 Scen.
452 1471 494 1500 ΙΙ.
541 1470 694 1510 Ctesipho
718 1471 821 1501 latens
845 1474 877 1501 et
900 1470 976 1511 Syri
1008 1470 1139 1501 consilio
1162 1469 1263 1500 minus
1288 1469 1406 1511 tidem,
1435 1469 1547 1501 callide
1567 1480 1672 1501 secum
1695 1481 1726 1501 v.
1752 1473 1807 1501 12:

796 1519 962 1560 Nunquam
984 1519 1092 1551 hercle
1115 1518 1208 1550 hodie
1232 1528 1294 1561 ego
1318 1518 1400 1550 istnc
1422 1518 1608 1550 committam
1631 1521 1700 1551 tibi:

545 1568 626 1599 Nam
648 1579 697 1600 me
715 1571 781 1608 jam
804 1570 835 1599 in
858 1569 970 1600 cellam
992 1569 1125 1609 aliquam
1149 1578 1217 1600 cum
1238 1569 1291 1599 illa
1307 1567 1491 1600 concludam
1506 1568 1538 1600 id
1555 1568 1743 1601 tutissimum
1753 1572 1806 1601 ’st.

315 1618 357 1649 Et
382 1627 481 1649 versu
505 1619 556 1658 qui
580 1619 723 1657 sequitur
745 1618 868 1649 Demea
891 1618 1008 1658 Syrum
1031 1619 1232 1658 conspiciens
1255 1621 1287 1649 et
1309 1618 1472 1649 irascens·

798 1665 867 1697 sed
889 1675 997 1697 eccum
1019 1666 1209 1698 sceleratum
1231 1664 1364 1707 Syrum!

315 1725 431 1757 Seen.
456 1726 494 1756 V.
539 1725 678 1756 Micione
701 1724 815 1755 falsum
839 1723 952 1755 callide
975 1725 1113 1756 nuntium
1136 1725 1330 1765 proferente,
1354 1728 1386 1756 ut
1408 1725 1562 1757 Aeschini
1583 1734 1690 1758 veram
1713 1726 1806 1756 animi

187 1776 377 1808 sententiam
400 1779 594 1817 cognoscat⁷
623 1775 676 1806 ille
700 1784 768 1806 eam
791 1773 932 1815 prodens
960 1784 991 1804 v.
1013 1777 1057 1805 29
1078 1784 1169 1814 sequ.
1447 1784 1484 1808 u

796 1822 926 1855 Factum
948 1833 968 1854 a
990 1825 1082 1855 vobis
1104 1823 1236 1865 duriter,

542 1873 901 1914 Immisericorditerque
923 1878 1017 1914 atque
1041 1875 1148 1915 etiam,
1171 1875 1200 1905 si
1223 1875 1285 1915 est,
1308 1878 1409 1915 pater,

541 1925 718 1956 Dicendum
740 1924 844 1966 magis
867 1924 995 1964 aperte,
1018 1923 1223 1955 illiberaliter.
1247 1941 1288 1944 —

313 1983 401 2014 Infra
424 1983 518 2014 Micio
540 1982 737 2014 Aeschinum
760 1982 884 2021 leniter,
909 1982 967 2013 sed
991 1991 1109 2013 severe
1132 1981 1320 2022 vituperans
1342 1991 1374 2012 v.
1396 1982 1439 2012 53
1461 1990 1552 2022 sequ.

541 2032 616 2063 Jam
638 2031 671 2062 id
694 2034 855 2072 peccatum
879 2030 1009 2072 primum
1032 2040 1194 2073 magnum:
1218 2029 1375 2072 magnum,
1398 2036 1432 2061 at
1453 2030 1618 2062 humanum
1641 2035 1756 2063 tamen.

540 2082 666 2114 Fecere
688 2082 741 2113 alii
765 2081 864 2122 saepe
888 2082 961 2114 item
983 2081 1072 2112 boni:
1095 2083 1128 2112 at
1150 2078 1316 2121 postquam
1338 2079 1370 2112 id
1392 2079 1510 2122 evenit,
1533 2080 1623 2123 cedo,

541 2131 698 2172 Numquid
722 2127 969 2172 circumspexti‘?
992 2135 1046 2162 aut
1068 2130 1215 2170 numquid
1243 2129 1309 2162 tute
1340 2129 1505 2171 prospexti
1532 2131 1596 2162 tibi.

541 2180 623 2219 Quid
646 2177 761 2212 fieret?
806 2179 875 2218 Qua
898 2177 1017 2212 fieret2
1040 2197 1079 2202 -—

312 2233 352 2264 V.
375 2234 428 2264 69.
451 2232 557 2273 Micio,
580 2233 747 2272 postquam
769 2229 925 2261 Aeschini
940 2229 1155 2271 integritatem
1173 2229 1254 2260 satis
1268 2229 1427 2271 cognovit,
1451 2238 1488 2261 se
1503 2229 1619 2269 aliquid
1635 2230 1805 2284 simulasse

187 2283 308 2316 fatens:
540 2278 653 2321 Abiit,
678 2281 785 2321 periit
808 2278 943 2320 navem
938 2279 1125 2312 adscendit.
