2016 2603
935 94 964 124 9

623 193 1031 229 Amr-innuens,
1051 193 1281 234 exe-pla.

266 263 366 314 finito
388 268 479 310 plura
501 276 603 308 eaque
625 268 791 308 aptissima
819 267 912 307 huius
932 266 1065 309 generis
1095 267 1247 314 exempla*
1263 268 1294 298 in
1317 266 1475 314 Adelphis
1498 267 1683 297 offeruntur.

845 341 989 374 Actus
1011 342 1047 374 Ι.

258 399 400 432 ‘Scena
421 400 447 431 1.
490 399 585 430 Micio
619 400 659 432 de
687 402 837 431 cessante
865 399 927 430 filio
955 399 1163 431 vehementer
1189 400 1303 430 anxius
1332 407 1483 439 suamque
1517 399 1660 439 parentis
1690 407 1759 430 eum

144 459 275 482 uxorum
295 449 338 481 de
359 452 510 481 cessante
531 449 642 481 marito
664 449 904 488 sollicitudinem
925 457 1114 489 comparans
1136 458 1169 480 v.
1193 450 1250 480 11:

496 499 539 529 Et
559 499 671 539 quibus
693 497 777 530 niino
798 498 950 530 sollicitor
972 496 1084 529 rebus!
1108 508 1149 530 ne
1171 501 1226 529 aut
1247 498 1300 529 ille
1323 497 1445 539 ailserit,

497 548 563 580 Aut
583 546 706 589 uspiam
727 545 890 590 ceciderit,
913 548 976 578 aut·
988 547 1184 590 perfregerit

497 595 634 637 Aliquid.
656 614 698 619 —

270 653 384 686 Seen.
406 654 448 685 11.
492 654 596 695 Idem,
619 656 783 694 postquam
805 654 927 685 Demea
948 654 1033 695 abiit,
1057 663 1174 695 seeum,
1198 663 1279 693 quae
1302 654 1354 684 ille
1377 653 1503 694 dixerit,
1526 657 1679 694 reputans
1702 662 1761 685 nec

144 704 248 736 omnia
269 704 392 736 omnino
415 704 596 746 improbans
619 713 651 734 v.
673 704 715 734 ⁷2
737 712 827 745 sequ.

496 752 674 793 Spertibam
689 755 757 792 jam
779 752 963 784 defervisse
984 752 1231 784 adolescentiam

497 801 692 833 Gaudebam.

832 953 976 986 aetus
1005 953 1064 986 11.

272 1020 389 1052 Scen.
412 1021 438 1051 Ι.
483 1020 645 1051 Aeehinns
667 1021 790 1050 minans
813 1019 854 1050 ad
877 1019 1082 1061 Sannionem,
1105 1030 1138 1050 v.
1160 1021 1219 1051 27:

497 1069 578 1099 Nam
600 1066 630 1099 si
652 1068 804 1099 molestus
827 1068 939 1110 pergis
961 1077 1057 1109 esse,
1074 1070 1141 1108 ‚iam
1162 1067 1245 1098 intro
1268 1069 1427 1108 abripiere
1450 1068 1545 1109 :itque
1567 1070 1611 1100 ibi

497 1118 607 1157 Usque
629 1116 671 1148 tid
693 1125 803 1149 necem
825 1117 971 1157 operiere
992 1117 1081 1148 loris.
1126 1117 1228 1149 Sann.
1251 1113 1372 1148 heris?
1395 1114 1500 1150 liber?
1523 1136 1565 1140 —

146 1168 198 1199 ubi
220 1168 313 1199 etiam
334 1167 367 1197 in
389 1167 600 1207 responsione
623 1166 796 1198 Sannionis
818 1169 893 1208 apta
916 1167 1085 1198 observari
1107 1170 1215 1207 potest
1236 1167 1427 1198 allitteratio.

271 1223 369 1256 Scen.
392 1224 433 1255 11.
477 1223 597 1255 Sannio
620 1224 743 1254 ratione
766 1223 861 1255 valde
884 1224 1002 1254 comica
1030 1224 1283 1255 allitterationem
1312 1233 1386 1254 cum·
1408 1225 1661 1257 atterminatione
1684 1235 1763 1257 eon-

140 1275 248 1317 jungi‘
269 1284 301 1305 v·
324 1275 360 1305 3²
475 1289 547 1331 Ego
570 1289 760 1331 vepulando,
782 1289 835 1321 ille
858 1288 1076 1330 verberando,
1107 1299 1208 1329 usque
1231 1288 1321 1321 limbo
1344 1288 1469 1321 defessi
1491 1300 1611 1323 sumus.

828 1437 972 1470 Actus
994 1437 1077 1469 ΙΙΙ.

276 1505 390 1537 Seen.
412 1505 438 1535 1.
481 1503 643 1535 Canthara
665 1513 734 1535 cum
757 1504 821 1535 levi
844 1504 1063 1545 objurgatione
1086 1502 1127 1534 ad
1151 1502 1332 1535 Sostratam
1354 1504 1395 1536 de
1417 1504 1558 1537 instante
1581 1505 1766 1547 Pamphilae

149 1558 241 1597 partu
264 1554 471 1586 vehementer
491 1554 617 1585 anxiam
638 1554 774 1584 v.3:1

501 1603 575 1634 Jam
597 1612 680 1634 nune
702 1603 794 1634 times
818 1603 909 1642 quasi
931 1611 1097 1643 numquam
1124 1601 1282 1644 adfueris,
1312 1601 1476 1643 niimquam
1499 1606 1566 1636 tute
1588 1604 1766 1645 pepereris.

276 1638 455 1693 Soen.11
501 1661 600 1701 Geta,
624 1661 675 1700 qui
697 1660 807 1692 heram
829 1663 862 1691 et
883 1660 1035 1691 nutricem
1057 1660 1090 1690 in
1112 1669 1211 1692 scena
1233 1660 1353 1692 adesse
1373 1660 1511 1693 nondum
1534 1662 1641 1703 sentit,
1665 1663 1768 1695 vehe-

150 1715 272 1744 menter
293 1712 394 1742 iratus
418 1710 596 1751 Ambino,
619 1710 733 1750 pioque
755 1709 857 1740 animo
881 1718 939 1740 suo
961 1709 1096 1741 maxime
1118 1710 1228 1741 laesus
1251 1718 1369 1751 seeum,
1394 1718 1424 1739 v.
1449 1711 1504 1741 13·

504 1759 589 1790 Nihil
612 1759 664 1790 est
685 1758 769 1799 quod·
790 1759 902 1800 malim,
925 1767 1016 1799 quam
1038 1757 1123 1790 illam
1146 1761 1241 1792 totam
1263 1757 1409 1790 {emiliam
1432 1758 1502 1790 dari
1525 1761 1599 1798 (mi)
1622 1759 1757 1805 dbviam,

503 1809 546 1840 Ut
567 1818 629 1850 ego
651 1807 728 1839 iram
751 1808 834 1839 hanc
855 1808 887 1838 in
910 1818 968 1839 eos
991 1808 1135 1839 evomam
1157 1818 1288 1840 omnem.

278 1867 392 1900 Statim
424 1867 565 1907 sequitur
599 1867 687 1897 locus
720 1865 977 1907 efficacissimus,
1009 1866 1043 1896 in
1071 1875 1132 1905 quo
1167 1866 1260 1897 etiam
1291 1867 1460 1898 observari
1488 1871 1596 1908 potest
1621 1869 1769 1910 gradatio

148 1916 304 1958 quaedam
326 1918 358 1949 in
379 1918 452 1959 ipsa
473 1917 544 1948 soni
565 1916 684 1958 figura,
706 1924 739 1946 v.
763 1916 803 1946 15
825 1924 915 1956 sequ.

506 1974 585 2007 Seni
608 1973 740 2005 enimam
763 1973 893 2014 primum
915 1972 1155 2015 exstinguerem
1177 1974 1248 2016 ipsi,
1272 1974 1323 2014 qui
1345 1972 1421 2005 illud
1443 1975 1592 2015 produxit
1614 1978 1731 2009 scelus.

507 2025 585 2055 Tum
607 2023 711 2055 autem
734 2021 852 2063 Syrum
874 2021 1086 2064 impulserem,
1108 2023 1188 2064 vah,
1211 2023 1323 2064 quibus
1346 2023 1431 2055 illum
1452 2024 1630 2057 lacerarem
1651 2026 1767 2059 modis!

506 2072 680 2106 Sublimem
701 2070 835 2105 medium
858 2073 1043 2114 arriperem,
1066 2075 1099 2104 et
1121 2073 1224 2115 eapite
1247 2072 1378 2114 prdnum
1399 2076 1431 2105 in
1449 2077 1567 2107 terram
1585 2075 1769 2121 metuerem,

505 2124 548 2155 Ut
570 2124 703 2155 cerebro
726 2122 895 2164 disperget
916 2123 1010 2154 viam.

503 2169 721 2204 'Adolescenti
743 2172 806 2213 ipsi
828 2171 985 2213 eriperem
1007 2172 1132 2214 oculos,
1163 2171 1237 2214 pest
1258 2173 1339 2204 haec
1360 2174 1564 2215 praeeipitem
1588 2175 1706 2208 darem.

504 2221 662 2253 Caeteros
684 2232 828 2263 ruerem,
851 2221 997 2264 figerem,
1011 2231 1171 2264 raperem,
1195 2222 1359 2255 tunderem
1382 2226 1414 2254 et
1436 2224 1685 2264 prosternerem.

1441 2275 1460 2301 2
