2016 2603
863 252 1008 284 Actus
1030 252 1080 284 V.
1729 284 1731 287 .
1961 259 1978 275 ⁶
1992 278 2000 291 ,v

292 309 406 342 Scen.
428 310 486 341 111.
531 310 625 341 Micio
648 309 799 341 Demeam
822 310 931 341 amicis
956 310 1066 342 verbis
1087 310 1263 352 alloquitur,
1287 314 1320 342 ut
1342 319 1453 345 sanam
1469 314 1502 343 et
1524 311 1660 352 quietam
1682 321 1788 346 rerum
1807 324 1810 326 ’

163 359 317 391 rationem
340 360 466 401 habeat,
489 359 645 398 animique
667 358 861 390 iracundiam
883 359 1020 399 denique
1043 364 1234 401 compescat,
1259 361 1347 391 velut
1369 370 1457 392 vers.
1480 361 1525 403 2⁰
1546 370 1637 401 sequ.

518 407 674 439 Auscuita
696 409 823 449 paucis,
846 406 909 439 nisi
931 408 1107 451 molestum,
1129 409 1262 451 Demea,

518 456 689 500 Principio,
713 459 741 489 si
764 458 795 489 id
820 462 851 491 te
874 456 1011 495 mordet,
1034 462 1167 490 sumtum
1189 457 1246 490 filii

517 507 617 545 Quem
640 507 774 549 faciunt,
798 517 918 548 quaeso
942 508 1001 539 hoc
1025 507 1119 539 facito
1142 512 1244 540 tecum
1267 507 1408 550 cogites:

517 557 566 588 Tu
589 554 661 588 illos
684 556 765 589 duos
788 558 860 589 olim
882 556 939 598 prd
964 567 999 589 re
1022 557 1158 589 tollebas
1180 561 1243 600 tua,

517 606 608 644 Quod
631 606 712 637 satis
736 608 869 648 putabas
891 607 946 639 tua
968 608 1051 639 bona
1073 607 1225 639 ambobus
1249 608 1318 640 fore
1341 611 1402 640 etc.

286 657 377 688 Inest
399 657 511 687 iterum
534 657 565 686 in
588 656 638 686 his
663 657 803 687 versihb.
827 657 972 687 consulta
995 657 1117 687 vocalis
1146 665 1164 686 ο
1194 658 1357 697 repetitio,
1394 666 1476 697 quae
1505 658 1574 690 fere
1598 662 1663 690 tnta
1685 668 1784 691 scena

100 709 102 712 ’
161 707 264 749 magis
280 706 435 739 'minusve
457 706 625 738 observari
649 709 763 746 potest.

287 764 403 796 Scen.
427 764 483 794 lv.
527 764 649 795 Demea
672 772 780 794 secum
803 773 872 794 cum
894 765 988 795 animi
1012 764 1215 806 aegritudine
1238 773 1269 794 v.
1293 765 1331 794 21
1358 773 1428 804 seq.

516 809 573 844 'lta
595 822 653 844 eos
676 821 746 843 meo
770 811 879 844 labore
902 813 1034 845 eductos
1063 812 1205 844 maxumo
1230 813 1280 844 hic
1302 812 1379 844 fecit
1402 822 1479 844 suos

515 859 636 894 'Panno
659 866 777 894 sumtu:
802 862 960 894 miseriam
983 873 1105 895 omnem
1128 873 1191 905 ego
1215 862 1321 905 capio,
1345 863 1396 895 hic
1419 864 1534 905 potitur
1555 862 1684 906 gaudia.

517 909 600 954 'Age
623 923 698 954 age,
722 921 805 943 nunc
827 913 977 953 experiar
1000 923 1093 953 porro
1117 912 1237 954 contra,
1260 913 1372 954 ecquid
1398 924 1461 955 ego
1485 912 1625 954 possiem

518 962 643 995 Bla'nde
667 962 790 1005 dicere,
815 962 870 994 aut
892 963 1031 1006 benigne
1054 962 1174 1005 facere,
1197 963 1320 1004 quando
1344 972 1382 995 eo
1404 962 1569 1005 provocat.

288 1022 405 1054 Scen.
428 1022 485 1052 lx.
510 1032 541 1052 v.
565 1023 617 1051 21.
662 1021 768 1061 Syrus
791 1022 832 1052 ad
856 1022 1007 1052 Demeam
1031 1022 1114 1053 iaeto
1138 1025 1170 1053 et
1191 1023 1379 1063 gratissimo
1402 1023 1520 1053 animo:

532 1069 575 1100 Di
597 1071 669 1111 tibi,
692 1071 827 1106 Demea,
851 1069 952 1101 omnia
976 1080 1086 1101 omnes
1110 1071 1238 1111 semper
1261 1075 1369 1111 optata
1393 1070 1537 1104 offerunt.

246 1122 283 1152 In
307 1122 419 1161 quibus
443 1121 553 1153 verbis
577 1121 671 1152 etiam
694 1120 779 1152 inest
803 1120 1025 1151 annominatio.

640 1312 1042 1345 Annomlnationls
1078 1312 1307 1353 exempla.

286 1390 365 1429 Ejus
388 1389 521 1430 generis
545 1388 668 1418 rariora
691 1387 815 1427 quidem
838 1388 869 1417 in
891 1387 1038 1428 adelphis
1061 1391 1135 1418 sunt
1158 1388 1313 1428 exempta⁷
1338 1387 1397 1419 sed
1422 1397 1483 1418 non
1504 1388 1630 1420 desunt.

288 1448 387 1478 Actu
410 1447 435 1477 1.
480 1445 611 1478 Scena
633 1446 676 1476 11.
720 1448 771 1477 57.
816 1446 928 1476 Micio:

457 1510 464 1517 ·
514 1495 616 1527 Unum
640 1497 692 1526 vis
716 1492 848 1527 curem?
871 1495 961 1527 curo:
986 1499 1019 1527 et
1041 1499 1092 1526 est
1115 1496 1174 1526 Dis
1197 1495 1314 1537 gratia.

288 1555 372 1586 Act.
396 1555 437 1584 ll.
482 1554 596 1585 Scen.
619 1554 663 1584 ΙΙ.
708 1554 814 1594 Syrus
837 1554 878 1584 ad
902 1552 1097 1585 Sannionem
1120 1563 1153 1584 v.
1177 1556 1233 1584 10:

775 1601 930 1634 hdminum
953 1602 1042 1634 homo
1066 1601 1268 1635 stultissime!

288 1663 370 1694 Act.
393 1663 451 1693 111.
498 1662 616 1693 Scen.
640 1662 698 1692 111.
743 1662 864 1692 Demea
888 1662 987 1692 iratus
1011 1665 1042 1692 et
1065 1662 1218 1692 sollicitus
1241 1672 1271 1692 v.
1294 1663 1349 1693 30:

772 1712 840 1743 Vae
865 1709 981 1742 misero
1005 1709 1091 1742 mihi!

517 1761 638 1794 Videre
662 1762 776 1794 videor
792 1761 858 1801 jam
882 1761 964 1793 diem
988 1761 1071 1792 illum
1094 1765 1153 1793 etc.
1199 1774 1209 1781 ·

285 1822 368 1853 Act.
399 1822 454 1852 lv.
500 1820 613 1852 Scen.
645 1821 682 1851 V.
735 1820 917 1852 Aeschinus
953 1819 1106 1851 sollicitus
1142 1824 1174 1852 et
1208 1821 1322 1852 anxius
1361 1820 1400 1851 ad
1435 1821 1603 1853 Micionem
1638 1822 1782 1855 simulata

157 1875 339 1905 narrantem
362 1880 393 1902 v.
416 1873 468 1902 34.

248 1935 251 1937 ·
513 1920 615 1960 Quum
637 1921 719 1952 hanc
742 1920 803 1952 sibi
826 1920 946 1952 videbit
970 1921 1127 1961 praesens
1151 1921 1315 1962 praesenti
1337 1921 1426 1962 eripi.

284 1980 399 2012 Scen.
424 1980 496 2011 vn.
540 1980 635 2011 Micio
658 1980 814 2010 hominum
837 1980 932 2010 vitam
956 1989 1024 2010 eum
1047 1982 1244 2011 tesserarum
1265 1978 1338 2010 ludo
1369 1988 1557 2020 comparans
1580 1989 1611 2011 v.
1634 1982 1692 2012 23:

512 2029 604 2070 lund,
629 2029 712 2071 quod
734 2029 849 2061 cecidit
871 2028 964 2071 sorte,
988 2029 1019 2060 id
1042 2033 1112 2061 arte
1135 2033 1167 2060 ut
1190 2029 1346 2071 corrigas.

284 2081 398 2112 Statim
422 2081 542 2113 Demea
565 2080 730 2121 excipiens
754 2081 889 2112 ironice:

512 2128 700 2162 Coi-rector!
725 2133 785 2161 etc.

282 2189 353 2221 Act.
377 2189 417 2220 V.
463 2188 559 2220 Scen.
582 2188 639 2219 lx.
661 2188 784 2219 Demea
807 2198 837 2218 v.
860 2190 916 2219 33:

512 2236 573 2277 Qui
595 2247 657 2268 non
675 2240 764 2277 justa
787 2238 904 2279 injusta
928 2247 1062 2278 prorsus
1085 2238 1187 2268 omnia
1216 2237 1339 2268 omnino
1363 2235 1533 2279 obsequor.
